4982 6280
1172 605 1456 706 ’-ιι-

538 820 585 917 (5)
611 830 860 922 Epaminondas
886 853 962 902 cum
988 832 1038 902 illi
1063 833 1198 927 qnidam
1226 857 1269 904 ex
1293 835 1432 927 patricio
1459 858 1583 928 genere
1600 839 1705 908 lactus
1731 840 1871 912 inferior
1896 842 2140 934 ignobilitatem
2164 865 2226 936 ge-

438 951 528 1022 neris
563 952 739 1024 obiiceret:
773 955 920 1038 Gaudeo,
954 957 1073 1048 inquit,
1107 959 1197 1051 quod
1232 981 1295 1050 ego
1328 983 1370 1030 ex
1395 983 1450 1031 me
1484 964 1626 1048 surrexi,
1663 972 1697 1034 tu
1723 986 1765 1034 ex
1790 975 1822 1035 te
1848 967 1995 1037 cecidisti
2026 969 2227 1062 generisque

440 1077 546 1148 nostri
572 1089 711 1171 uterque
736 1101 849 1149 sumus
875 1080 975 1150 decus
1002 1091 1034 1151 et
1060 1081 1214 1154 dedecus.

537 1244 583 1340 (6)
610 1254 722 1321 Zenon
749 1251 882 1323 cuidam
908 1254 1006 1323 inerti
1032 1255 1096 1326 ait:
1123 1257 1359 1348 indignareris,
1387 1261 1413 1328 si
1432 1261 1553 1353 aliquis
1580 1273 1707 1355 optaret
1724 1261 1798 1348 tibi,
1823 1275 1860 1335 nt
1884 1267 2016 1337 mutilas
2040 1290 2158 1338 manus
2175 1270 2227 1338 vel

436 1371 538 1464 pedes
564 1371 721 1454 baberes;
747 1398 837 1445 nunc
862 1387 973 1447 autem
998 1378 1128 1470 integra
1153 1391 1247 1450 sunt:
1275 1406 1334 1452 cur
1360 1384 1408 1452 eis
1435 1384 1483 1454 uti
1509 1409 1575 1456 non
1601 1389 1671 1459 visi
2260 1410 2277 1462 5

547 1542 595 1640 (7)
628 1550 791 1622 Caecilius
819 1554 942 1624 Balbus
971 1555 1030 1626 lib.
1061 1518 1134 1626 llll.
1170 1558 1211 1627 de
1245 1582 1325 1650 nug.
1357 1560 1588 1655 Philosophus.
1623 1566 1824 1656 Agathocles
1858 1591 1921 1638 rex
1955 1567 2066 1638 dicere
2101 1567 2229 1650 solitus,

438 1693 520 1741 auro
545 1681 703 1766 tanquam
729 1674 886 1745 fictilibus
912 1685 944 1746 et
970 1676 1126 1749 fictilibus
1152 1689 1311 1773 tanquam
1337 1707 1418 1755 auro
1447 1688 1607 1757 utendum
1635 1699 1693 1759 est.
1745 1694 1861 1783 Longe
1896 1692 1985 1761 enim
2009 1690 2228 1783 praestantius

439 1805 489 1864 est
512 1797 660 1867 moribus
685 1798 928 1890 splendescere,
954 1825 1053 1895 quam
1071 1804 1183 1875 rebus.
1222 1806 1307 1877 Cum
1333 1809 1424 1877 euim
1441 1810 1476 1880 iu
1493 1812 1581 1880 vasis
1605 1812 1761 1884 fictilibus
1787 1827 1966 1897 coenasset,
1994 1815 2228 1908 quaerentibus

441 1943 576 1992 cansam
602 1921 700 1992 buius
727 1923 849 1994 dixisse
875 1927 994 1997 fertur:

1277 2084 1628 2174 &mmm
2244 2101 2277 2152 w

882 2203 1028 2287 Siciliae,
1054 2206 1158 2298 figulo
1183 2230 1256 2278 snm
1282 2211 1432 2301 genitore
1458 2219 1558 2280 satus.

832 2327 1013 2399 Fortunam
1039 2338 1230 2401 reverenter
1256 2331 1352 2414 babe,
1379 2333 1570 2426 quicunque
1595 2341 1730 2426 repente

880 2451 983 2522 Dives
1007 2453 1049 2524 ab
1075 2454 1156 2524 exili
1181 2455 1395 2547 progrediere
1424 2457 1535 2528 domo.

439 2595 659 2668 Considerans
685 2598 776 2668 enim
801 2599 963 2671 humilem
989 2609 1097 2672 ortum
1123 2623 1219 2673 suum
1243 2603 1328 2674 vasis
1353 2603 1510 2675 fictilibus
1536 2615 1707 2677 contentus
1733 2618 1813 2678 erat.

635 2796 727 2867 Libr.
758 2799 780 2868 3

536 2937 585 3034 (8)
610 2947 761 3016 Socrates
786 2956 889 3040 negat
913 2949 1098 3041 sapientem
1122 2973 1220 3043 posse
1245 2951 1380 3033 offendi,
1407 2952 1463 3021 sed
1483 2953 1641 3022 adversus
1667 2976 1801 3023 omnem
1827 2954 1994 3024 fortunam
2012 2955 2132 3026 robore
2157 2955 2227 3026 vir-

437 3067 514 3139 tutis
539 3089 618 3138 suae
643 3092 780 3141 manere
806 3072 1034 3143 immobilem:
1061 3072 1125 3146 boc
1151 3074 1239 3144 euim
1269 3086 1317 3145 cst
1341 3075 1570 3169 praecipuum,
1598 3077 1728 3169 erigere
1754 3077 1904 3147 animum
1929 3100 2030 3170 super
2061 3079 2167 3149 minas
2193 3087 2227 3148 et

438 3191 600 3286 promissa
625 3205 658 3263 et
682 3193 827 3266 fortuita.

2244 2822 2275 2873 15

784 2851 792 2867 ι

808 2885 813 2916 l

536 3359 584 3458 (o)
609 3368 695 3438 Cum
716 3369 869 3440 Tiberius
885 3373 1035 3463 Augusto
1053 3372 1187 3443 Caesari
1214 3383 1486 3465 conquereretur,
1513 3375 1603 3466 qnod
1629 3374 1724 3444 multi
1751 3375 1792 3444 dc
1817 3397 1857 3443 eo
1883 3375 1972 3444 male
2000 3376 2224 3469 loquerentur,

437 3627 686 3698 Discurraurra
713 3627 798 3738 Con.
824 3629 1132 3700 eruruunounm:
1166 3633 1178 3698 1
1199 3646 1331 3723 paterno
1358 3617 1375 3708 ll
1405 3637 1609 3723 2omoesqne
1633 3632 1735 3701 nostri
1763 3621 1780 3710 ll
1808 3632 1955 3700 Ssumus
1981 3644 2007 3698 et
2033 3631 2163 3699 dedecus
2199 3619 2215 3709 ll

1078 3755 1098 3824 6
1125 3755 1288 3826 Anatocles
1325 3753 1343 3843 Η
1384 3757 1424 3822 11
1452 3755 1581 3825 Ciliciae

518 4161 587 4233 §5-
618 4162 650 4222 bl
670 4165 718 4224 89.
739 4183 765 4225 a
785 4168 805 4225 d
827 4163 892 4242 (31,
915 4165 950 4236 1)
982 4158 999 4239 ΙΙ
1037 4163 1209 4242 lpatrieio]
1232 4165 1393 4226 emendavi
1415 4182 1454 4225 ex
1475 4166 1514 4226 M.
1547 4160 1564 4240 ll
1604 4179 1619 4226 2
1643 4163 2225 4244 generisqae10xeodeml.l.(qriir-

436 4259 515 4342 quo).
548 4253 566 4336 ΙΙ
599 4263 724 4323 amores
744 4268 772 4322 et
791 4261 928 4334 dedecus]
950 4281 1018 4323 cnm
1038 4265 1085 4342 bl3
1107 4283 1147 4324 an
1167 4266 1300 4326 etdeous
1322 4271 1350 4326 et
1370 4267 1514 4327 dedecus?
1545 4263 1562 4346 ΙΙ
1595 4266 1657 4337 §o
1679 4268 1772 4328 biso.
1793 4269 1823 4328 b.
1845 4269 1863 4326 3
1885 4263 1957 4338 (42)
1988 4259 2006 4340 Η
2039 4263 2102 4336 87.
2121 4268 2144 4327 1.
2158 4267 2224 4328 Sar.

435 4359 468 4420 P.
491 4361 519 4435 5,
542 4361 598 4418 17:
619 4358 672 4420 Sic
692 4377 766 4421 auro
787 4365 929 4441 tanquam
948 4361 1104 4439 fictilibus,
1126 4363 1273 4423 fictilibus
1295 4365 1384 4440 quasi
1405 4382 1480 4425 auro
1507 4369 1611 4426 utatur
1632 4411 1756 4427 .....
1777 4366 1872 4440 Atqui
1895 4365 1989 4441 longe
2014 4367 2222 4441 praestantius

436 4461 494 4533 est,
515 4457 651 4518 moribus
672 4457 836 4537 splendere
861 4478 952 4536 quam
976 4461 1079 4536 rebus,
1101 4478 1160 4521 nee
1180 4478 1283 4520 rorum
1304 4479 1437 4538 unquam
1456 4464 1561 4540 specie
1582 4464 1797 4539 illustrabitur,
1820 4479 1909 4538 quem
1931 4478 2005 4522 suae
2026 4462 2224 4538 turpitudinis

435 4557 554 4617 macula
575 4556 769 4618 dehonestat.
808 4557 970 4620 Fictilibus
990 4576 1141 4621 coenasse
1165 4559 1269 4620 serunt
1290 4560 1484 4636 Agathoclea
1505 4577 1611 4638 regem
1632 4563 1735 4637 Atque
1757 4561 1884 4621 abacum
1905 4558 2008 4619 Samio
2031 4577 2124 4637 saepe
2146 4577 2224 4620 ouen

434 4671 524 4715 rasse
554 4655 629 4715 luto.
670 4654 801 4717 lleroula
825 4659 985 4734 gemmatis
1010 4675 1077 4719 cum
1112 4662 1245 4736 poneret
1270 4663 1364 4719 aur'ea
1392 4661 1491 4736 vasis,
1517 4657 1557 4719 Et
1582 4659 1729 4720 misceret
1753 4677 1829 4737 opes
1858 4659 2097 4736 pauperiemque
2123 4658 2222 4735 simul,

436 4753 600 4824 Quaerenti
621 4772 743 4816 causam
763 4757 940 4834 respondit:
960 4758 1028 4818 Rex
1050 4775 1108 4835 ego
1131 4758 1183 4834 qui
1205 4775 1270 4818 sum
1284 4756 1411 4818 Siciliae
1432 4802 1554 4817 .....
1576 4758 1676 4818 domo.
1709 4757 1771 4818 lies
1792 4758 1898 4832 itaque
1919 4773 1980 4816 nou
2002 4757 2117 4816 suntin
2135 4756 2222 4832 vitio,

435 4852 492 4914 sod
511 4871 585 4915 usus
607 4855 665 4914 eto.
697 4852 742 4913 Gi.
763 4853 879 4916 Auson.
899 4853 1002 4934 Epigr.
1023 4857 1051 4916 8.
1072 4856 1151 4917 Plnt.
1173 4857 1321 4935 apopbtb.
1343 4858 1418 4935 lieg.
1441 4861 1473 4918 et
1493 4857 1566 4935 lmp.
1589 4875 1614 4918 s.
1633 4876 1663 4917 v.
1685 4857 1799 4933 Agatb.
1822 4860 1857 4916 1:
1876 4841 2077 4940 Ἀγαθοκλῆς
2096 4841 2225 4940 vitiario

434 4945 606 5035 κεραμέως.
626 4937 790 5033 γενόμενος
809 4948 846 5016 δὲ
865 4939 975 5038 κύριος
988 4949 1132 5029 Σικελίας
1151 4951 1204 5018 καὶ
1223 4942 1377 5034 sanciade
1398 4941 1627 5038 ἀναγορευθεὶς
1645 4944 1761 5018 εἰώθει
1777 4941 1916 5036 κεράμεα
1936 4942 2081 5041 ποτήρια
2097 4947 2224 5015 τιθέναι

434 5037 528 5132 παρα
547 5037 589 5114 cci
608 5046 722 5134 χρυσᾶ,
740 5045 795 5112 καὶ
813 5053 884 5125 ταῖς
902 5046 987 5126 νέοις
1006 5043 1261 5135 ἐπιδεαινύμειος
1282 5049 1390 5137 λέγειν,
1404 5045 1473 5118 ’Ότι
1494 5051 1629 5118 τοιαῦτα
1643 5051 1748 5118 ποιῶν
1761 5041 1933 5138 πρότερον,
1954 5053 2009 5116 νῦν
2021 5049 2124 5114 ταῦτα
2136 5052 2226 5114 ποιεῖ

383 5201 390 5218 ,
434 5136 490 5212 deci
507 5135 564 5236 τήν
583 5143 764 5229 ἐπιμέλειαν
782 5145 837 5212 καὶ
855 5137 912 5236 τήν
932 5139 1076 5236 ἆνδρίαι.
1108 5153 1170 5213 Cir.
1192 5153 1321 5214 eundem
1342 5154 1374 5213 in
1395 5153 1505 5213 libello
1527 5154 1566 5213 do
1588 5154 1636 5213 sui
1657 5154 1756 5214 laude.
1784 5145 1801 5228 ΙΙ
1829 5149 1976 5222 anolino]
1998 5152 2063 5210 est?
2083 5151 2168 5210 mat?
2195 5143 2212 5225 ΙΙ

438 5259 453 5308 7
476 5264 550 5308 caro
571 5247 644 5319 ctu]
666 5248 727 5309 cn.
749 5248 819 5309 Seu.
839 5249 930 5327 epist.
952 5252 980 5327 ὅ,
1001 5252 1035 5309 6:
1057 5252 1184 5330 Magnus
1204 5253 1259 5313 ille
1281 5255 1339 5330 est,
1363 5254 1416 5328 qui
1437 5253 1583 5313 fictilibus
1605 5254 1651 5314 sio
1671 5255 1775 5330 utitur,
1803 5250 2055 5329 quamadmodum
2076 5254 2224 5328 argento:

434 5361 492 5407 nec
511 5347 566 5407 ille
585 5347 684 5408 minor
705 5350 762 5422 est,
785 5348 837 5425 qui
858 5349 905 5410 sio
925 5359 1053 5428 argento
1074 5351 1178 5429 utitur,
1200 5351 1454 5429 quemadmodum
1474 5350 1627 5412 fictilibus.
1659 5345 1676 5428 ΙΙ
1708 5348 1771 5421 §a
1792 5350 1983 5428 83,1d,11.
2018 5341 2035 5420 ΙΙ
2070 5360 2103 5410 la
2119 5343 2221 5426 nepot]

434 5461 494 5504 noo
512 5446 595 5506 modo
614 5448 702 5508 uerbo
721 5465 786 5527 neq.
807 5447 828 5508 S
849 5447 870 5508 l.
888 5449 910 5510 1.
942 5441 961 5526 ΙΙ
992 5445 1060 5518 so.
1081 5449 1102 5510 S
1125 5451 1152 5526 3,
1175 5452 1222 5526 id,
1243 5450 1292 5510 20.
1325 5449 1408 5509 Suet.
1428 5449 1507 5528 Aug.
1532 5451 1580 5510 51.
