4982 6280
1209 631 1455 700 ..12-

434 819 508 918 (45)
533 827 575 898 111
600 836 711 896 tamen
736 827 904 918 ignaviam
930 827 1050 896 mentis
1085 837 1118 896 et
1142 828 1297 899 inertiam
1332 829 1480 922 corporis
1515 831 1575 901 snb
1608 832 2016 925 praetextu'principatns
2046 832 2223 913 occuleret,

434 950 583 1042 quotidie
609 950 672 1022 sibi
698 959 863 1020 secretum
889 948 1048 1020 horarum
1073 951 1217 1043 spatium
1242 952 1442 1034 vindicabat,
1469 955 1730 1047 necquicquam
1755 955 1922 1026 interdum
1947 957 2057 1026 facere
2083 979 2224 1026 consue-

433 1083 537 1157 verat,
563 1074 627 1144 nisi
653 1085 785 1165 captare
811 1097 953 1157 muscas,
983 1084 1016 1144 et
1041 1075 1174 1146 easdem
1202 1075 1277 1146 stilo
1303 1085 1482 1168 praeacuto
1508 1076 1686 1168 configere,
1713 1090 1750 1149 ut
1767 1079 1898 1149 cuidam
1925 1079 2155 1170 interroganti,
2182 1102 2224 1150 ne

432 1198 507 1291 quis
533 1198 620 1268 intus
647 1207 731 1268 esset
756 1221 832 1268 cum
857 1197 1012 1282 Caesare,
1046 1220 1113 1268 non
1140 1199 1283 1269 absurde
1308 1199 1372 1268 sibi
1403 1223 1599 1292 responsum
1631 1201 1672 1270 sit
1697 1224 1717 1270 a
1741 1203 1889 1285 Metello,
1921 1205 1971 1274 Ne
2001 1225 2117 1273 musca
2146 1203 2224 1297 qui·

432 1322 524 1391 dem:
551 1321 739 1414 quodlicet
764 1321 960 1414 impiissimo
987 1321 1127 1415 principi
1153 1322 1343 1401 innotuerit,
1370 1322 1579 1393 dissimulare
1605 1323 1723 1394 maluit
1747 1347 1848 1418 quam
1873 1325 2003 1418 punire.
2055 1319 2130 1417 (46)
2156 1324 2219 1396 Sed
2255 1342 2271 1394 s

432 1469 491 1516 cnr
516 1445 695 1539 patientiae
721 1447 874 1539 exempla
900 1469 1058 1540 propono,
1087 1470 1162 1516 cum
1188 1445 1343 1516 omnihus
1369 1447 1492 1538 liqueat
1518 1455 1582 1516 etc.

531 1651 581 1718 Ne
608 1670 689 1716 vero
715 1647 838 1717 diutius
865 1647 1062 1716 coniecturis
1088 1647 1319 1730 immoremur,
1347 1649 1479 1718 caiam
1505 1648 1539 1714 in
1564 1650 1711 1720 medium
1737 1649 1937 1743 proferenda
1970 1672 2041 1720 esse
2066 1649 2220 1732 arbitror,

433 1771 554 1866 quibus
580 1771 861 1866 apophthegmata
885 1772 943 1841 illa
968 1773 1127 1863 pleraque
1158 1794 1201 1841 111
1227 1773 1371 1843 Caecilio
1403 1772 1539 1843 fluxisse
1565 1775 1736 1844 evincitur.
1788 1774 1939 1844 Schedae
1971 1783 2048 1845 sunt
2070 1775 2222 1844 Linden-

431 1882 626 1986 brogianac,
660 1919 742 1987 quas
773 1897 833 1966 Vir
859 1895 992 1966 Clariss.
1019 1895 1207 1965 Fridericus
1239 1897 1363 1978 Haase,
1396 1897 1561 1987 professor
1586 1898 1861 1980 Vratislaviensis,
1897 1922 1972 1968 cnm
2004 1921 2059 1968 me
2091 1898 2126 1967 in
2157 1898 2222 1969 boc

431 2019 613 2090 studiorum
640 2020 719 2089 orbe
746 2021 918 2089 elaborare
945 2021 979 2088 in
1006 2021 1144 2112 epistola
1170 2021 1210 2090 ad
1237 2044 1315 2090 enm
1341 2022 1415 2091 data
1450 2022 1532 2091 forte
1567 2021 1787 2104 adnotassem,
1827 2046 1929 2092 manu
1955 2046 2015 2093 sna
2040 2023 2221 2117 descriptas

432 2146 521 2215 dono
546 2143 629 2212 mihi
655 2144 753 2212 misit.
800 2146 869 2214 Nec
895 2167 948 2213 me
975 2153 1100 2214 tantum
1127 2145 1291 2236 singulari
1317 2144 1493 2214 obstrinxit
1517 2145 1691 2229 beneficio,
1718 2147 1775 2217 sed
1800 2147 1842 2216 ab
1869 2148 2034 2230 omnibus,
2061 2158 2222 2241 quotquot

431 2294 484 2340 me
511 2269 642 2342 edendo
661 2268 808 2340 Caecilio
833 2294 955 2363 operae
981 2272 1123 2362 pretium
1143 2270 1259 2339 fecisse
1286 2270 1441 2350 iudicant,
1468 2271 1609 2366 gratiam
1626 2269 1700 2339 iniit
1726 2272 1917 2340 maximam.
1958 2271 2052 2353 Quae
2078 2270 2221 2340 schedae

429 2394 552 2464 mirum
579 2404 629 2463 est
667 2407 828 2487 qnantum
855 2396 1004 2464 animum
1030 2417 1142 2464 meum
1168 2405 1320 2487 suscepto
1345 2395 1459 2464 labore
1489 2395 1610 2463 fessum
1638 2395 1814 2476 erexerint,
1847 2395 1980 2487 iamque
2007 2395 2219 2478 confirmatis,

430 2541 517 2611 quae
544 2518 670 2588 dudum
695 2518 878 2610 suspicatus
903 2519 1044 2599 fueram,
1071 2541 1158 2588 novo
1184 2542 1239 2587 me
1258 2519 1359 2588 studii
1375 2542 1489 2588 amore
1516 2519 1737 2589 incenderint.
1774 2519 1933 2603 Quamvis
1960 2521 2050 2590 enim
2075 2530 2221 2612 septem-

429 2643 538 2712 decim
565 2654 695 2712 tantum
720 2643 784 2712 sint
808 2666 948 2713 numero
982 2641 1270 2736 apophthegmata,
1305 2665 1391 2735 quae
1417 2643 1685 2735 Lindenbrngius
1722 2665 1786 2712 1111
1811 2653 1874 2713 vet.
1901 2666 1962 2712 ms.
1995 2643 2053 2713 lib.
2087 2653 2222 2713 senten-

429 2768 572 2837 tiarum»
601 2767 788 2859 descripsit,
816 2751 959 2860 primum
987 2776 1098 2836 tamen
1125 2767 1258 2837 titulum
1284 2767 1394 2859 operis
1417 2767 1611 2850 Caeciliani,
1638 2767 1679 2836 de
1704 2768 1802 2858 nugis
1827 2766 2115 2859 pbilosophorum,
2141 2790 2223 2836 con-

429 2890 580 2972 firmant;
631 2890 769 2973 deinde,
817 2902 897 2983 quot
939 2891 1100 2961 librorum
1123 2891 1242 2991 'fuerit
1287 2891 1441 2961 volumen
1486 2891 1589 2973 illud,
1633 2913 1693 2962 nos
1737 2890 1871 2970 docent;
1917 2889 2061 2984 denique
2103 2912 2221 2960 novem

430 3017 713 3109 apophthegmata
740 3016 898 3087 exhibent
923 3007 1014 3106 (Sd,
1043 3016 1077 3097 3,
1105 3019 1140 3099 7,
1168 3015 1200 3097 8,
1233 3016 1287 3098 13,
1318 3017 1374 3097 14,
1405 3017 1461 3097 15,
1492 3019 1549 3100 16,
1580 3012 1648 3107 17),
1675 3039 1762 3110 quae
1788 3016 1904 3086 iisdem
1922 3018 1991 3087 fere
2008 3017 2117 3087 verbis
2135 3013 2223 3108 apud

428 3105 458 3212 1.
476 3143 547 3212 Sar.
574 3165 707 3235 quoque
731 3143 898 3234 leguntur.
937 3141 1068 3211 Accidit
1093 3140 1195 3232 igitur
1219 3164 1295 3210 rara
1321 3140 1501 3228 admodum
1528 3141 1679 3211 fortunae
1705 3141 1949 3222 benevolentia,
1975 3152 2012 3212 ut
2036 3163 2124 3234 quae
2150 3141 2223 3234 epi-

428 3275 571 3335 tomator
596 3265 654 3333 ille
681 3265 896 3335 describenda
923 3266 987 3336 sibi
1012 3266 1139 3349 sumsit,
1165 3266 1208 3336 ad
1234 3276 1344 3334 1101111
1362 3265 1457 3358 qnasi
1484 3264 1657 3334 commoda
1682 3268 1831 3347 referret,
1859 3265 1992 3358 aliaque
2018 3275 2221 3358 excerperet,

428 3389 497 3458 iam
522 3400 601 3460 nota
626 3390 775 3482 quidem,
802 3390 860 3459 sed
886 3389 974 3459 unde
1000 3390 1186 3460 Policratici
1212 3390 1270 3459 lib.
1297 3391 1356 3459 111.
1383 3412 1455 3483 cap.
1486 3388 1531 3458 14
1558 3413 1600 3457 en
1626 3389 1773 3459 Caecilio
1798 3388 1933 3459 fluxisse
1959 3390 2054 3459 nobis
2083 3411 2222 3482 persua-

429 3514 578 3596 deamus,
613 3515 679 3584 alia
711 3537 801 3596 vero,
833 3538 852 3583 a
884 3513 1032 3585 virorum
1066 3515 1238 3584 doctorum
1273 3514 1391 3584 notitia
1417 3513 1526 3583 adhuc
1557 3524 1696 3594 remota,
1727 3511 1848 3604 quibus
1874 3512 2012 3582 Caecilii
2037 3513 2223 3604 fragmenta

428 3638 546 3729 angeri
578 3649 720 3731 possent.
773 3638 838 3709 Sed
872 3639 971 3730 longe
1001 3637 1139 3706 maximi
1171 3645 1220 3706 est
1250 3636 1423 3718 momenti,
1458 3637 1548 3728 quod
1580 3636 1717 3706 eaedem
1749 3636 1891 3706 schedae
1918 3636 2108 3706 Caeciliana
2139 3659 2221 3719 esse,

432 3785 518 3856 quae
551 3764 706 3855 equidem
732 3747 900 3824 α’δέσποτα
932 3773 963 3831 11
988 3745 1138 3839 &triavus
1166 3786 1207 3831 ex
1240 3763 1409 3832 codicibus
1435 3764 1625 3834 Monacensi
1659 3773 1756 3856 alque
1782 3763 1939 3832 Parisinis
1971 3761 2221 3855 descripseram,

427 3887 502 3956 luce
528 3887 650 3957 clarius
676 3897 844 3957 testentur.
897 3887 984 3958 Casu
1011 3886 1101 3954 enim
1128 3886 1187 3955 illo
1215 3861 1457 3978 adversoque
1484 3886 1639 3956 effectum
1665 3897 1725 3969 111,
1756 3897 1793 3956 ut
1817 3886 1953 3957 Caecilii
1977 3909 2101 3956 nomen
2126 3887 2222 3956 lertio

306 4049 313 4058 -
428 4008 559 4079 decimo
585 4011 652 4080 iam
678 4011 812 4080 saeculo
839 4021 871 4079 et
896 4011 1034 4080 fortasse
1066 4012 1168 4079 mullo
1203 4019 1278 4078 ante
1313 4009 1348 4078 in
1374 4009 1574 4079 oblivionem
1598 4011 1746 4092 caderet,
1781 4011 1900 4080 factum
1927 4034 2060 4104 quoque
2093 4021 2151 4094 est,
2186 4019 2223 4081 ut

428 4133 610 4205 etiamnum
643 4136 747 4205 multa
782 4135 917 4227 quidem
952 4135 986 4203 in
1022 4135 1192 4204 codicibus
1221 4134 1381 4227 librisque
1414 4134 1582 4204 veteribus
1613 4135 1737 4205 lateant
1771 4134 1972 4218 Caeciliana,
2003 4133 2060 4204 sed
2094 4135 2220 4227 privata

427 4261 571 4332 auctoris
597 4261 743 4330 nomine.
795 4263 865 4330 lam
893 4283 968 4329 cnm
996 4259 1169 4341 nonnulla,
1197 4283 1282 4353 quae
1308 4261 1343 4330 in
1370 4259 1664 4352 Lindenbrogiano
1690 4261 1805 4330 codice
1831 4261 1895 4330 sint
1920 4272 2059 4342 servata,
2086 4262 2121 4329 in
2146 4263 2222 4332 blo·

426 4386 576 4468 nacensi,
603 4385 760 4454 Parisinis
786 4385 926 4478 aliisque
954 4385 1046 4455 libris
1071 4386 1235 4476 legantur,
1264 4384 1331 4453 iam
1357 4384 1531 4466 hocloco,
1564 4408 1630 4478 quo
1656 4387 1757 4455 tutius
1782 4386 1942 4455 lectorem
1968 4384 2002 4454 in
2033 4384 2221 4453 adnotatio-

426 4511 526 4581 nibus
561 4510 715 4601 exemplo
746 4509 1031 4601 Lindenbrogiani
1063 4508 1185 4578 codicis
1216 4510 1372 4580 subiectis
1398 4510 1440 4580 ad
1467 4511 1541 4580 illos
1571 4512 1721 4604 relegare
1752 4512 1878 4594 liceret,
1911 4534 2026 4581 eornm
2057 4511 2220 4581 librorum

427 4659 602 4706 recensum
629 4657 729 4725 agere
756 4635 922 4718 constitui,
950 4657 1032 4726 quos
1059 4635 1144 4705 infra
1170 4637 1304 4706 demum
1331 4637 1365 4705 in
1391 4636 1540 4705 medium
1564 4637 1753 4729 prolaturus
1772 4659 1856 4706 sum.
1896 4635 1989 4705 Notis
2016 4633 2118 4724 igitur
2142 4655 2219 4702 usus

426 4782 500 4830 sum
526 4758 595 4829 his:

969 4885 1004 4954 M
1019 4907 1070 4942 Ξ
1089 4882 1194 4954 codex
1219 4883 1439 4954 Monacensis.

977 5010 1070 5079 1³:
1088 5009 1247 5078 anecdota
1272 5009 1434 5080 Parisina.

959 5127 1002 5215 [L
1020 5156 1071 5190 =
1088 5132 1195 5204 codex
1220 5127 1487 5224 Lindenbrogii.]

428 5277 562 5286 ——..
575 5273 1829 5290 ——————d—--—-——..—.—-.-—..-—-—--——————-——-—

454 5321 460 5332 ⁶
508 5348 599 5421 815.
643 5351 704 5411 Cfr.
725 5351 808 5413 Suet.
829 5353 940 5413 Domit.
961 5355 988 5413 3.
1021 5353 1163 5414 Ceterum
1185 5356 1237 5431 qni
1257 5354 1374 5415 Nostro
1397 5357 1446 5414 est
1465 5353 1618 5428 Metellus,
1640 5349 1787 5412 Suetonio
1810 5351 1922 5412 dicitur
1941 5350 2053 5409 Vibius
2075 5348 2215 5426 crispus:

426 5450 600 5524 putaverim
621 5451 723 5528 igitur,
741 5451 874 5514 loannis
894 5451 960 5513 Sar.
983 5453 1162 5513 memoriam
1184 5455 1225 5515 ad
1244 5454 1325 5514 illud
1345 5455 1520 5530 aberrasse,
1542 5451 1624 5536 qnod
1646 5469 1739 5528 supra
1759 5467 1881 5528 paragr.
1904 5451 1924 5508 7
1944 5449 2134 5508 narraverat.
