4982 6280
1241 637 1486 708 ..30-

933 837 1054 908 cantela
1094 837 1336 932 Epaminondas
1385 835 1628 926 interrogatus,
1680 858 1740 906 cur
1780 860 1845 906 nec
1894 838 1978 907 testo
2028 838 2164 932 quidem
2207 839 2260 910 dic

933 962 1007 1032 aliis
1043 961 1282 1034 dormientibus
1314 961 1559 1055 requiesceret,
1597 961 1697 1032 dixit:
1736 963 1901 1034 Securitas
1934 964 2079 1034 militum
2114 975 2163 1035 est
2196 965 2261 1035 im-

880 1101 907 1152 n.
932 1085 1076 1178 perantia
1101 1084 1207 1155 labor.
1543 1106 1619 1154 cum
1644 1085 1748 1155 Poeni
1779 1095 1953 1175 rogarent,
1985 1109 2028 1157 ne
2059 1087 2106 1158 eis
2130 1088 2258 1159 bellum
2275 1095 2310 1148 ²⁰

932 1207 1152 1292 indiceretur,
1186 1208 1314 1292 blinus,
1349 1207 1476 1300 inquit,
1513 1208 1702 1301 respublica
1736 1208 1846 1300 decipi
1877 1218 2001 1302 potest,
2035 1213 2064 1281 si
2097 1221 2133 1282 ut
2164 1234 2260 1284 arus-

932 1333 1022 1425 pices
1048 1355 1106 1404 cor
1130 1331 1319 1423 rogantium
1343 1331 1464 1423 potius,
1492 1354 1594 1425 quam
1620 1333 1770 1425 linguam
1796 1333 2049 1427 inspexerimus.

881 1471 906 1522 ο.
931 1457 1039 1550 Scipio
1079 1457 1255 1529 Africanus
1305 1457 1479 1546 quaerenti
1531 1456 1684 1542 cuidam,
1736 1457 1825 1527 unde
1871 1458 1934 1529 sibi
1984 1459 2103 1529 melior
2153 1459 2256 1530 lactus
2273 1477 2361 1529 σοι.

930 1579 1099 1650 videretur
1124 1580 1159 1649 in
1185 1588 1363 1661 senectute,
1389 1579 1574 1672 respondit:
1602 1581 1677 1664 Quo
1703 1581 1841 1651 cautior.

496 1715 499 1722 '
545 1719 653 1774 xxxi
676 1720 719 1773 ne
734 1719 778 1770 hu
794 1720 840 1785 qut
855 1723 904 1772 ese
930 1705 982 1774 De
1005 1707 1055 1774 bis
1080 1706 1137 1796 qni
1161 1717 1217 1774 ent
1240 1704 1410 1796 proficiunt
1434 1717 1491 1773 σοι
1519 1706 1719 1796 depenerent.

882 1847 908 1895 1.
929 1815 1178 1921 Epaminondas
1212 1851 1288 1899 oum
1324 1830 1376 1898 illi
1407 1829 1543 1924 quidam
1578 1853 1620 1898 ex
1652 1829 1790 1922 patricio
1822 1850 1946 1920 genere
1978 1827 2086 1898 lactus
2120 1827 2259 1899 inlerior

930 1952 1168 2044 ignobilitatem
1195 1953 1326 2043 generis
1361 1953 1555 2034 obiecisset,
1588 1952 1743 2034 Gaudeo,
1777 1953 1904 2044 inquit,
1929 1951 2018 2046 quod
2044 1974 2108 2044 ego
2134 1974 2178 2022 ex
2201 1975 2256 2022 me
2291 1966 2307 2016 s

929 2076 1070 2157 surrexi,
1097 2089 1132 2146 tu
1150 2098 1192 2146 ex
1209 2085 1242 2146 te
1260 2077 1419 2160 cecidisti,
1446 2078 1650 2170 generisque
1675 2077 1780 2146 nostri
1805 2089 1945 2170 uterque
1970 2099 2083 2147 snmus
2108 2076 2260 2148 decusat

878 2216 903 2266 a.
929 2200 1083 2272 dedecus.
1145 2199 1365 2270 Barnosthenes
1403 2194 1567 2283 similiter,
1606 2222 1681 2269 cum
1721 2201 1805 2271 alius
1847 2200 2096 2270 Demosthenen
2138 2200 2259 2271 talibus

929 2326 1141 2417 obiurgaret,
1191 2323 1378 2416 respondit:
1429 2325 1513 2396 ldihi
1564 2325 1668 2395 obicis
1718 2325 1914 2417 proiecisse;
1966 2325 2094 2396 crimen
2145 2348 2258 2396 meum

466 2466 587 2520 xxxn.
615 2469 658 2522 De
675 2467 905 2521 scammoneae
929 2449 1054 2540 imputa
1087 2447 1233 2539 gloriae,
1269 2446 1348 2516 dum
1383 2455 1474 2518 tuum
1509 2469 1669 2538 agnoscas
1702 2448 1867 2539 ignaviae.
1918 2451 1970 2520 De
1998 2451 2193 2520 contumeliis
2218 2449 2259 2518 oh

879 2591 903 2640 1.
928 2571 1084 2666 Duplicat
1107 2570 1257 2641 dolorem
1282 2571 1472 2641 sustinentis
1498 2570 1678 2663 indignitas
1704 2572 1852 2642 inseren-
2012 2575 2159 2665 indignis
2203 2547 2215 2564 ’
2275 2587 2308 2638 ιο

928 2698 986 2782 tis,
1022 2695 1336 2790 intolerandumque
1368 2695 1404 2765 fit
1436 2697 1583 2780 malum,
1619 2697 1712 2767 cuius
1745 2709 1915 2769 auctorem
1947 2708 2044 2790 turpe
2080 2698 2121 2767 sit
2152 2695 2258 2766 conli-

879 2838 903 2890 ο.
930 2821 1003 2891 teri.
1153 2821 1316 2892 Solatium
1341 2821 1422 2892 mali
1448 2833 1497 2892 est
1521 2823 1664 2915 dignitas
1690 2822 1904 2893 adversantis.

837 2959 862 3011 a.
880 2959 905 3010 ι
929 2944 1129 3037 Duplicatur
1164 2944 1271 3028 dolor,
1305 2967 1381 3015 cum
1414 2944 1456 3015 ab
1482 2968 1543 3027 eo,
1575 2969 1687 3039 aquo
1716 2967 1785 3017 nnn
1811 2946 1972 3016 merueris
1998 2945 2099 3016 venit.
2151 2944 2257 3014 Tanto

929 3069 1035 3138 maior
1059 3067 1184 3140 iniuria
1209 3079 1268 3150 est,
1295 3079 1418 3162 quanto
1443 3069 1592 3140 affectior
1616 3071 1789 3163 proximus
1814 3079 1874 3152 est,
1901 3071 1959 3164 qui
1984 3070 2073 3140 lacit.

482 3207 616 3262 xxm
635 3209 678 3262 De
693 3209 846 3276 ρεπιιιιιι
880 3211 904 3260 1.
929 3192 1011 3262 Gum
1036 3191 1171 3286 quidam
1191 3192 1358 3284 speciosus
1378 3191 1507 3263 iuvenis
1524 3192 1739 3262 Demostheni
1776 3194 1828 3262 De
1841 3194 2019 3285 petulantia
2036 3185 2254 3264 Dnnostbenes
2273 3217 2305 3268 15

928 3314 1080 3399 dixisset,
1131 3316 1160 3385 si
1201 3339 1255 3386 me
1296 3317 1343 3385 sic
1385 3316 1528 3386 odissent
1571 3316 1722 3387 homines
1773 3328 1932 3410 tanquam
1974 3327 2024 3400 te,
2074 3319 2252 3412 suspendio

835 3460 861 3526 1,
877 3457 903 3510 ο.
927 3441 1098 3533 perissem,
1115 3443 1158 3511 Et
1176 3463 1251 3532 ego,
1270 3441 1388 3535 inquit,
1406 3441 1433 3509 si
1451 3463 1506 3510 mc
1524 3440 1806 3533 quemadmodum
1823 3452 1853 3511 te
1868 3453 2029 3512 amarent.
2061 3444 2149 3512 Eum
2164 3443 2254 3513 enim

927 3563 986 3656 qni
1000 3565 1146 3656 corporis
1156 3587 1269 3635 curam
1279 3565 1357 3657 agit,
1371 3576 1404 3633 et
1411 3587 1479 3634 non
1489 3564 1603 3646 animi,
1618 3564 1762 3633 similem
1772 3588 1844 3634 esse
1853 3565 1915 3647 his,
1926 3565 1984 3659 qui
1995 3566 2255 3659 pretiosamves-

876 3703 901 3753 ο.
927 3697 994 3757 tem
1044 3688 1178 3758 sordido
1228 3689 1358 3782 corpori
1411 3689 1562 3759 induunt.
1663 3688 1845 3762 Xenocrates
1896 3712 1971 3759 cum
2023 3687 2162 3784 quidam
2208 3712 2251 3759 ex

464 3895 712 3968 Drscnunnnmn
738 3895 874 3967 Consors
891 3895 1120 3968 Monacensis:
1148 3899 1195 3963 22
1213 3896 1444 3986 corrigentium
1481 3885 1498 3974 ΙΙ
1535 3894 1593 3965 89.
1614 3919 1645 3964 a.
1682 3895 1919 3967 7Demcstnees
1954 3889 1972 3972 ΙΙ
1993 3896 2202 3966 'demostenen
2226 3887 2244 3975 ll

898 4009 965 4088 '15
992 4021 1161 4089 demosteni
1196 4013 1214 4095 ΙΙ
1251 4019 1436 4088 demostenes
1472 4006 1489 4089 ΙΙ
1530 4018 1572 4088 16
1600 4033 1742 4109 tonqnnn
1781 4008 1805 4090 ll·

1124 4173 1937 4182 *W*mffl-m-
1946 4172 2238 4180 --—-—--—-·——-

464 4229 625 4331 ἆσήνιησέ
643 4267 705 4308 τινι
724 4242 790 4309 τῶν
811 4234 961 4332 συνήθων
982 4233 1147 4334 αὐχμηρός
1166 4243 1220 4309 nni
1244 4234 1375 4320 σύννους
1394 4241 1548 4325 βαδίζων·
1569 4235 1795 4325 θαυμάζοντος
1814 4241 1851 4309 δὲ
1873 4240 1926 4308 καὶ
1946 4239 2200 4325 πυνθανομένου,
2220 4239 2254 4308 cl

462 4330 504 4429 δη
516 4331 618 4422 μόνος
630 4332 734 4418 οὕτως
747 4337 828 4423 ἔχων
841 4339 1005 4428 περίεισιν,
1018 4337 1138 4423 Ὅπως,
1159 4336 1254 4422 εἶπεν,
1276 4339 1333 4430 ἐξῇ
1346 4342 1447 4407 πᾶσιν
1461 4331 1746 4424 intercessissent
1760 4343 1928 4429 ῥᾳθυμεῖν.
1958 4335 1975 4408 ll
2009 4358 2042 4408 ts
2058 4342 2126 4414 nec]
2141 4347 2200 4404 na?
2226 4336 2244 4408 ll

463 4442 519 4504 89.
534 4461 562 4506 a.
582 4443 693 4521 XXXI,
709 4443 871 4506 1=Lind.
887 4447 914 4504 5.
937 4444 1078 4505 Ceterum
1092 4444 1148 4505 clr.
1161 4443 1236 4522 Nep.
1248 4443 1389 4523 Epam2,
1403 4450 1435 4505 1:
1450 4445 1544 4505 Natus
1555 4445 1649 4521 igitur
1659 4447 1749 4522 patre
1760 4461 1819 4519 quo
1830 4444 1972 4518 diximus,
1985 4460 2100 4521 genero
2110 4444 2252 4518 honesto,

461 4557 580 4619 pauper
599 4541 659 4600 iam
680 4557 698 4600 a
719 4542 886 4602 maioribus
907 4543 1044 4604 relictus.
1075 4541 1153 4604 Plut.
1176 4544 1268 4620 Ages.
1293 4545 1346 4602 ts:
1365 4529 1398 4606 Ὁ
1417 4535 1616 4623 Δικαίαρχος
1635 4530 1898 4626 ἐπηγανάκτησεν,
1920 4529 1965 4615 οἷς
1984 4529 2065 4627 μήτε
2084 4529 2141 4626 τήν
2158 4528 2251 4604 Ἐπα-

461 4627 619 4720 poncinico
639 4632 763 4724 μητέρα
782 4629 999 4724 γινωσκόντων
1019 4629 1116 4727 ἡμῶν.
1170 4635 1187 4706 ΙΙ
1235 4640 1346 4718 XXXI,
1368 4643 1396 4702 2.
1426 4641 1583 4701 Demosth.
1604 4640 1693 4717 frgm.
1715 4643 1755 4701 co
1769 4639 1891 4717 Sauppe
1910 4639 2060 4711 (Rutilius
2074 4640 2107 4701 t..
2122 4644 2151 4717 2,
2166 4639 2187 4711 S
2203 4639 2251 4710 9):

461 4739 539 4800 Item
556 4737 792 4815 Demosthenes,
813 4755 882 4799 oum
902 4739 932 4799 ei
953 4740 1076 4816 quidam
1097 4741 1274 4817 obiecisset,
1302 4743 1400 4799 matre
1421 4739 1539 4816 Scytha
1563 4741 1674 4813 natum,
1699 4738 1875 4816 rospondit:
1902 4738 1970 4800 Non
2000 4739 2122 4799 miraris
2146 4739 2250 4816 igitur,

462 4837 544 4914 quod
564 4835 682 4913 Scytha
702 4840 800 4897 matrc
821 4838 854 4896 et
873 4837 1008 4898 barbara
1029 4842 1118 4900 natus
1140 4844 1202 4901 tam
1222 4841 1321 4900 bonus
1344 4843 1376 4901 at
1396 4840 1533 4900 clemens
1555 4839 1700 4900 evaserit.
1734 4831 1796 4898 Cir.
1817 4837 1897 4898 Plut.
1911 4838 2068 4899 Demosth.
2084 4841 2112 4898 l.
2144 4837 2250 4898 Liban.

461 4955 491 4997 v.
510 4933 668 4996 Demosth.
689 4931 751 5004 §2-
779 4934 926 5026 henchin.
948 4933 1025 5020 περὶ
1045 4938 1252 5022 παραπηεσβ.
1276 4954 1345 4997 eum
1366 4924 1497 5022 Σκύθην
1518 4939 1550 4997 et
1568 4924 1739 5021 βᾶηβαηοη
1760 4937 1860 4996 vocat.
1909 4933 1927 5004 ll
1976 4935 2169 5012 xxx111,1.
2199 4933 2252 4992 W.

460 5034 494 5095 B.
508 5035 666 5096 Demosth.
697 5034 775 5094 Dnm
795 5052 825 5111 q.
846 5052 890 5113 sp.
911 5036 930 5095 i.
951 5035 1071 5097 diceret
1092 5037 1126 5096 D.
1149 5037 1177 5096 si
1197 5053 1246 5096 mc
1267 5053 1295 5096 o.
1317 5037 1346 5094 h.
1369 5037 1621 5112 quemadmodum
1642 5041 1681 5110 te,
1704 5051 1729 5096 s.
1750 5050 1780 5112 p.
1811 5033 1852 5094 lit
1873 5052 1940 5114 ego,
1963 5035 1982 5093 i.
2005 5035 2033 5095 si
2054 5050 2102 5094 me
2124 5050 2153 5109 q.
2173 5037 2206 5093 tc
2223 5049 2251 5091 a.

461 5133 522 5194 crs.
536 5133 649 5196 Anton.
663 5133 734 5196 hiel.
755 5150 784 5211 p.
805 5133 827 5210 1,
849 5151 910 5194 ser.
931 5135 985 5195 60:
1008 5133 1081 5195 Cum
1103 5136 1221 5196 iuvenis
1243 5137 1366 5212 quidam
1386 5134 1468 5197 facio
1489 5137 1651 5212 formosus,
1675 5135 1732 5195 sed
1755 5136 1892 5196 moribus
1911 5135 2064 5212 petulans,
2087 5135 2169 5194 inter
2189 5131 2251 5191 alia

461 5233 601 5294 convicia
621 5234 652 5294 ei
673 5235 799 5310 diceret,
820 5231 855 5293 st
875 5236 936 5294 mm
957 5249 1072 5294 exosus
1093 5249 1193 5294 essem
1215 5235 1346 5312 civibus,
1371 5237 1405 5296 ut
1431 5237 1464 5295 tu
1493 5252 1536 5310 es,
1562 5234 1674 5310 laqueo
1701 5233 1798 5294 vitam
1823 5235 1950 5311 linirem,
1979 5232 2148 5310 respondit:
2180 5229 2249 5306 Ego

461 5349 537 5393 vero
557 5333 700 5411 laqueum
719 5332 793 5393 mihi
813 5331 968 5408 inferrem,
993 5333 1019 5392 si
1040 5333 1085 5393 ita
1105 5350 1153 5393 mc
1175 5335 1260 5394 cives
1281 5337 1421 5394 amarent
1433 5337 1467 5394 ut
1479 5335 1518 5394 to.
1549 5333 1675 5394 Notavit
1693 5337 1794 5397 antem
1815 5333 2024 5394 adolescentis
2044 5329 2248 5410 petulantiam

460 5431 648 5494 Aristoteles
669 5435 727 5494 etc.
764 5429 850 5503 (vio.
863 5431 1089 5510 Apophthcgm.
1104 5448 1143 5493 ex
1157 5433 1297 5509 probatis
1320 5433 1524 5511 scriptoribus
1545 5431 1609 5494 ac.
1622 5431 1820 5509 Lycostheno
1840 5431 1980 5493 coDecta.
2004 5432 2092 5491 1609.
2113 5447 2142 5508 p.
2162 5426 2250 5500 257.)
