4982 6280
1247 625 1493 696 ..36-

475 846 552 893 nem
578 824 745 894 interdum
779 823 946 895 turbatum
985 849 1056 896 esse
1092 825 1250 896 viderem.
1303 825 1357 894 Sic
1383 825 1476 895 verbi
1503 849 1603 895 cansa
1629 837 1703 919 post
1735 824 1862 918 primae
1889 826 2020 896 Horatii
2046 827 2165 897 satirae
2191 850 2268 897 ver-

475 973 529 1020 sus
557 943 899 1044 33-38(parvu1a
926 1004 934 1021 .
963 1004 971 1020 .
1000 1005 1009 1021 .
1037 1005 1046 1021 .
1073 945 1216 1044 sapiens)
1241 974 1293 1021 vr.
1325 952 1482 1021 tra-15
1509 952 1656 1044 itemque
1681 974 1713 1020 v.
1740 951 1787 1019 ‘25
1814 951 1969 1021 librarius
2004 951 2198 1021 collocavit:
2230 952 2264 1020 in

474 1074 578 1143 Persii
604 1075 704 1145 satira
728 1075 838 1166 prima
862 1098 894 1145 r.
921 1075 969 1144 17
995 1068 1117 1168 (neque
1137 1127 1145 1144 .
1167 1127 1174 1144 .
1195 1127 1202 1142 .
1224 1127 1231 1142 .
1250 1073 1335 1142 libra
1361 1069 1420 1164 est)
1448 1074 1740 1167 quadragesimum
1766 1085 1894 1144 sextum
1920 1074 2095 1154 antecedit,
2122 1087 2155 1143 et
2180 1096 2266 1167 quae

476 1207 552 1266 sunt
585 1195 684 1266 buius
710 1197 842 1288 generis
877 1197 1010 1267 similia.
1062 1199 1112 1268 Ac
1137 1176 1265 1279 uereor,
1297 1219 1340 1266 ne
1367 1207 1495 1267 tantum
1530 1197 1608 1268 bnic
1646 1197 1858 1270 coniecturae
1890 1199 2104 1271 tribuendum
2138 1199 2197 1279 sit,
2232 1206 2268 1268 ut

474 1320 569 1391 inviti
594 1322 690 1414 quasi
715 1321 758 1390 ad
784 1345 824 1391 ea
850 1322 999 1392 animum
1026 1320 1247 1403 advertamus,
1282 1343 1369 1413 quae
1407 1323 1532 1405 critico,
1569 1323 1596 1391 si
1632 1323 1706 1415 quis
1733 1321 1911 1414 diligenter
1936 1324 1970 1393 in
1997 1345 2072 1394 eam
2108 1346 2180 1392 rem
2214 1323 2268 1392 in·

476 1443 598 1537 quirat,
624 1443 771 1514 notanda
797 1455 884 1514 sunt.
934 1444 1103 1516 Monuisse
1128 1444 1205 1513 satis
1231 1444 1303 1524 erit,
1329 1443 1387 1514 fol.
1415 1445 1507 1515 88.a
1534 1446 1658 1517 dictum
1686 1470 1757 1518 esse
1783 1447 1825 1519 de
1852 1449 2063 1539 garrulitate,
2091 1448 2147 1518 lul.
2175 1447 2267 1517 9l.a

476 1567 517 1638 de
542 1568 683 1638 verbosa
706 1568 842 1660 lingnaz
878 1569 934 1638 sol.
962 1567 1058 1638 aab
1093 1567 1134 1637 de
1160 1568 1375 1662 maliloquio,
1411 1569 1468 1641 sol.
1497 1571 1591 1642 89.h
1623 1573 1663 1642 de
1690 1572 1982 1654 maledicentibus;
2019 1572 2076 1643 fol.
2103 1573 2199 1644 sub
2226 1573 2268 1643 de

475 1692 576 1762 modo
607 1693 791 1784 pecuniae,
830 1692 887 1762 lul.
915 1691 1010 1762 suh
1043 1691 1085 1761 de
1120 1701 1308 1787 contemptu
1342 1695 1504 1787 pecuniae
1539 1688 1628 1782 (coll.
1664 1697 1764 1766 sta
1794 1699 1851 1780 17,
1887 1693 1963 1788 18);
1999 1699 2057 1767 lol.
2094 1696 2189 1768 8l.b
2225 1697 2268 1767 de

475 1816 635 1897 doctrina,
664 1816 720 1886 lol.
748 1816 841 1886 9l.a
863 1816 907 1884 ta
933 1815 974 1886 de
1000 1817 1145 1887 armario
1171 1817 1286 1897 docto;
1313 1816 1370 1886 lul.
1390 1817 1486 1887 aab
1514 1818 1555 1886 de
1583 1820 1802 1911 temperantia
1829 1831 1861 1891 et
1886 1821 1942 1891 sol.
1961 1820 2056 1890 ura
2077 1821 2123 1890 ll
2148 1821 2269 1890 iterum

475 1937 518 2008 de
544 1939 659 2008 eadem
685 1962 733 2009 re.
785 1939 851 2009 Sed
876 1940 976 2010 simul
1002 1940 1102 2009 etiam
1131 1941 1312 2034 pleraque,
1349 1962 1435 2030 quae
1468 1941 1689 2033 suspicionem
1724 1943 1879 2022 afferant.
1913 1945 1947 2013 in
1981 1955 2128 2016 extrema
2163 1943 2268 2014 libelli

474 2073 569 2156 parte
594 2087 769 2134 occurrere
796 2087 835 2134 ac
860 2063 972 2135 omnia
998 2064 1068 2133 lere
1094 2065 1152 2134 iol.
1179 2064 1272 2132 uta
1298 2063 1420 2156 scripta
1446 2086 1518 2134 esse
1545 2066 1661 2155 negari
1687 2088 1755 2136 non
1780 2077 1904 2158 potest;
1940 2091 2039 2160 quam
2066 2067 2108 2138 ob
2134 2089 2268 2138 eausam

476 2187 726 2280 epitomatorem
751 2189 829 2258 inde
855 2188 897 2259 ab
924 2211 963 2257 eo
989 2188 1068 2257 lolio
1093 2186 1232 2258 Caecilii
1256 2187 1379 2258 librum
1405 2189 1586 2257 revolvisse
1612 2189 1711 2259 etad
1737 2191 1956 2284 supplendam
1982 2193 2149 2283 epitomen
2175 2213 2269 2262 suam

475 2312 657 2394 adiecisse,
684 2337 770 2406 quae
797 2312 860 2381 sibi
886 2321 1071 2382 memoratu
1096 2312 1252 2402 lectuque
1277 2311 1379 2401 digna
1405 2312 1607 2394 viderentur,
1641 2315 1730 2385 baud
1757 2316 1923 2387 immerito
1948 2326 2090 2387 statuere
2115 2316 2269 2387 videaris.

474 2437 715 2509 Desiderantur
739 2459 886 2530 quoque,
913 2435 1002 2506 unda
1030 2437 1241 2505 coniecturae
1258 2457 1353 2505 meae
1380 2435 1462 2506 lides
1481 2436 1624 2528 additur,
1653 2438 1714 2509 snb
1740 2440 1842 2510 linem
1869 2441 1975 2511 libelli
2001 2441 2147 2534 capitum
2173 2441 2270 2522 tituli,

476 2563 530 2632 rel
555 2572 662 2643 certe,
701 2561 759 2631 ubi
785 2559 929 2630 rariores
954 2559 1089 2652 quidem
1117 2559 1273 2652 adscripti
1299 2571 1394 2642 sunt,
1421 2560 1485 2654 ipsi
1511 2583 1530 2630 a
1556 2562 1742 2655 suspicione
1768 2587 1834 2633 non
1860 2563 1990 2634 absunt.
2040 2564 2142 2636 lllisso
2168 2563 2270 2652 igitur

475 2686 550 2756 loco
575 2685 634 2754 illo
668 2683 916 2776 corruptissimo
941 2683 999 2753 fol.
1026 2685 1130 2753 ata
1160 2685 1203 2752 17
1227 2687 1264 2755 r'rr
1289 2709 1324 2754 eo
1349 2709 1412 2776 quo
1436 2689 1475 2757 dr
1506 2691 1651 2780 pecunie,
1685 2711 1794 2758 nonne
1829 2688 1969 2759 alterum
1995 2690 2147 2772 titulum,
2183 2689 2270 2772 Ouid

476 2811 629 2904 populum
653 2811 762 2881 domet
786 2809 829 2880 ab
856 2810 1071 2902 epitomatore
1098 2809 1243 2879 effictum
1270 2810 1409 2902 eiusque
1427 2812 1593 2902 originem
1620 2836 1663 2882 ex
1688 2813 1760 2905 ipsa
1780 2811 1918 2883 Caecilii
1943 2812 2105 2882 sententia
2134 2811 2273 2905 »Populi

475 2934 644 3005 licentiam
669 2986 678 3004 .
699 2983 708 3003 .
730 2985 738 3004 .
759 2987 767 3004 .
786 2933 920 3004 domata
947 2931 1163 3026 repetendam
1190 2955 1262 3002 esse
1288 2934 1418 3025 liquetl
1452 2936 1522 3006 Nec
1548 2959 1642 3006 secus
1669 2948 1728 3018 est,
1763 2937 1791 3005 si
1816 2935 1952 3009 tertium
1975 2935 2109 3006 titulum
2136 2937 2174 3006 de
2196 2959 2271 3005 corr-

479 3074 594 3154 tempta
615 3061 784 3154 perusiae
802 3081 880 3128 cum
905 3060 964 3132 W.
990 3057 1119 3129 Bnrleii
1146 3057 1254 3128 verbis
1292 3069 1500 3152 »contempta
1532 3059 1674 3153 pecunia
1709 3060 1776 3130 ait»
1813 3058 2062 3129 contulerimus.
2112 3061 2154 3128 Et
2187 3059 2270 3130 baec

476 3184 612 3278 quidem
635 3184 679 3254 de
705 3193 853 3254 extremo
879 3183 1006 3252 libello.
1044 3181 1110 3251 Sed
1135 3181 1235 3251 etiam
1260 3204 1347 3275 quae
1374 3182 1409 3251 in
1434 3183 1598 3276 principio
1623 3182 1730 3276 posita
1755 3192 1848 3264 sunt,
1876 3180 1966 3251 baud
1992 3181 2091 3251 lacile
2118 3181 2268 3275 expediri

476 3319 625 3403 possunt,
653 3332 692 3379 ac
717 3309 840 3379 frustra
865 3308 997 3378 titulum
1023 3307 1282 3400 circumspicies,
1310 3308 1368 3399 qui
1386 3307 1541 3378 omnibus
1567 3305 1734 3377 sententiis
1759 3306 1869 3400 primo
1893 3307 1999 3398 capite
2025 3305 2270 3399 comprehensis

478 3433 627 3527 adaptari
651 3433 774 3526 possit:
799 3432 883 3501 mibi
908 3431 1044 3525 quidem
1062 3432 1242 3514 breviator,
1269 3455 1345 3502 cum
1371 3433 1512 3524 primam
1530 3432 1689 3523 paginam
1709 3429 1922 3512 describeret,
1950 3430 2098 3500 nondum
2120 3430 2270 3501 statuisse

478 3559 565 3653 apud
591 3559 740 3628 animum
765 3555 906 3638 videtur,
933 3577 1099 3647 quaenam
1125 3554 1333 3647 potissimum
1360 3565 1393 3624 et
1417 3579 1485 3647 quo
1510 3555 1627 3624 ordine
1653 3556 1840 3645 attingeret.
1887 3557 1924 3624 ln
1950 3554 2091 3647 reliquis
2116 3576 2196 3625 vero
2221 3554 2270 3624 nil

478 3683 548 3752 lere
574 3692 633 3764 est,
659 3689 794 3774 propter
819 3680 908 3772 qnod
933 3678 1086 3749 libellum
1111 3701 1213 3771 prave
1239 3676 1440 3769 descriptum
1467 3702 1539 3748 esse
1566 3679 1666 3749 dicas.

575 3807 647 3876 lam
672 3803 792 3875 omissa
817 3802 882 3873 bac
907 3801 1114 3873 dubitatione
1140 3802 1182 3872 ad
1207 3802 1273 3872 alia
1299 3813 1518 3884 transeamus,
1545 3826 1631 3895 quae
1648 3803 1738 3874 baud
1758 3804 1922 3873 minorem
1940 3803 2061 3875 criticis
2079 3804 2271 3896 scrupulum

480 3930 618 4000 iniicere
644 3927 782 4022 possint.
824 3926 983 3998 Videmus
1010 3927 1099 3996 enim
1126 3927 1159 3995 in
1188 3924 1261 3996 cod.
1280 3927 1370 3996 ldon.
1397 3948 1465 3994 nun
1492 3926 1584 3995 iocos
1609 3935 1738 3996 tantum
1766 3936 1798 3996 et
1823 3926 2032 3997 lacete'dicta
2057 3927 2188 4009 referri,
2213 3927 2272 3997 sed

479 4052 621 4145 saepius,
648 4073 689 4120 ac
713 4049 822 4143 prima
849 4049 961 4118 statim
988 4051 1120 4141 pagina,
1156 4048 1335 4118 sententias
1361 4070 1494 4140 quoque
1520 4048 1658 4118 insertas
1683 4073 1754 4119 esse
1788 4050 1944 4132 morales,
1979 4050 2108 4132 breves,
2133 4052 2170 4119 P.
2198 4052 2273 4144 Syri

479 4177 589 4249 mimis
614 4149 817 4257 simillimas,
844 4185 878 4244 et
903 4174 1035 4244 easdem
1062 4175 1149 4267 ipsas
1175 4175 1310 4266 passim,
1338 4195 1424 4266 quae
1451 4173 1483 4242 in
1511 4173 1710 4244 editionibus
1736 4175 1772 4242 P.
1793 4175 1865 4267 Syri
1892 4175 2059 4264 leguntur.
2099 4175 2195 4259 Quae
2219 4197 2271 4244 res

410 4313 414 4329 '
481 4303 602 4372 multos
627 4301 661 4369 in
688 4323 762 4370 eam
782 4301 919 4370 sortasse
936 4298 1129 4390 opinionem
1156 4297 1301 4377 inducet,
1327 4305 1363 4366 ut
1379 4296 1531 4366 libellum
1549 4298 1680 4368 Monac.
1707 4320 1772 4366 non
1792 4321 1834 4367 ex
1851 4296 1988 4386 Caecilii
2014 4305 2142 4366 tantum
2166 4296 2270 4379 libris,

481 4425 539 4496 sed
565 4447 608 4494 ex
635 4424 711 4493 aliis
737 4445 870 4516 qnoque
897 4422 1088 4493 auctoribus
1115 4431 1308 4512 congestum
1335 4443 1406 4490 esse
1433 4420 1588 4490 indicent.
1640 4421 1684 4490 lt
1708 4433 1836 4513 pugnat
1866 4443 1928 4514 pro
1961 4420 2067 4503 nobis,
2100 4420 2189 4512 qnod
2215 4443 2273 4490 ce-

482 4560 572 4619 terae
603 4547 888 4639 »excerptionespt
917 4569 1004 4640 quae
1031 4545 1064 4614 in
1090 4547 1181 4616 Mon.
1210 4543 1431 4624 continentur,
1459 4565 1501 4612 cx
1525 4544 1665 4638 singulis
1683 4554 1808 4613 tantum
1836 4543 2023 4613 auctoribus
2049 4543 2154 4613 iactae
2179 4551 2270 4612 sunt:

483 4675 573 4766 quod
598 4695 675 4744 cnm
701 4671 825 4765 pariter
850 4672 885 4740 in
911 4681 1025 4742 nostra
1050 4693 1183 4765 qnoque
1219 4669 1430 4761 excerptione
1460 4668 1584 4738 lactum
1619 4690 1691 4737 esse
1726 4665 1919 4748 statuimus,
1954 4687 2134 4758 quemnam
2168 4666 2271 4736 alium

483 4797 678 4890 scriptorem
703 4795 837 4866 subesse
871 4794 1056 4866 iudicemus
1091 4805 1222 4888 praeter
1247 4792 1432 4864 Caecilium
1465 4792 1636 4862 nostrum?
1673 4793 1727 4862 An
1760 4791 1891 4861 disertis
1924 4791 2035 4860 verbis
2068 4790 2271 4861 monendum

484 4929 543 5002 est,
569 4942 613 4989 ex
637 4917 872 5012 septemdecim
898 4916 1128 5010 paragraphis,
1165 4937 1246 5011 quas
1272 4914 1345 4985 cod.
1372 4913 1554 4986 Lindenbr.
1582 4916 1737 4996 continet,
1773 4914 1926 4985 undecim
1953 4908 2001 5004 (l.
2028 4915 2061 4985 l.
2088 4915 2123 4984 5.
2150 4918 2185 4986 6.
2214 4917 2271 4986 tu.

487 5045 544 5113 11.
573 5045 629 5113 ta.
659 5043 717 5112 ll.
747 5015 894 5112 t5..tu.
924 5035 993 5131 17),
1020 5063 1130 5134 exque
1156 5039 1249 5110 dictis
1275 5062 1295 5109 a
1320 5041 1346 5108 l.
1374 5040 1445 5108 Sar.
1472 5038 1542 5108 Pul.
1570 5039 1604 5120 3,
1634 5040 1680 5108 ll
1715 5041 1856 5111 narratis
1887 5049 1961 5109 octo
1987 5031 2034 5129 (5.
2068 5041 2121 5110 6⁸.
2149 5043 2204 5110 6⁰.
2237 5038 2272 5109 7.

486 5169 519 5240 8.
546 5170 580 5238 9.
610 5170 666 5238 ta.
693 5163 753 5258 26)
779 5167 900 5237 iterum
925 5166 960 5234 in
986 5167 1060 5238 cod.
1085 5169 1175 5239 Mon.
1202 5165 1404 5238 recurreret
1429 5167 1473 5235 Et
1489 5164 1544 5233 bio
1569 5162 1715 5255 quidem,
1742 5165 1768 5232 l.
1796 5166 1868 5234 Sar.
1895 5163 2033 5245 scilicet,
2060 5162 2272 5256 paucioribus

485 5292 570 5364 locis
604 5315 681 5365 oum
712 5294 803 5365 ldon.
830 5291 991 5362 consentit
1025 5301 1124 5384 atque
1160 5289 1341 5382 conspirat,
1375 5309 1475 5382 quam
1501 5287 1573 5359 cod.
1603 5286 1701 5356 Lind.
1726 5299 1903 5380 propterea
1929 5285 2020 5378 quod
2046 5288 2071 5355 l.
2099 5287 2172 5358 Sar.
2198 5283 2272 5355 aliis

487 5419 623 5489 tortasse
650 5427 780 5511 praeter
798 5416 980 5490 Caecilium
1006 5437 1084 5487 usus
1110 5423 1159 5486 est
1182 5412 1383 5486 auctoribus.
1423 5407 1511 5502 (Vid.
1529 5410 1617 5483 intra
1635 5433 1705 5502 cap.
1722 5405 1771 5501 7.)
1809 5410 1875 5482 Sed
1900 5433 1942 5480 ne
1968 5409 2111 5480 morales
2137 5408 2273 5502 quidem
