4982 6280
1242 579 1489 650 ..72..

492 783 527 852 M
551 780 578 862 1,
604 779 664 848 20.
715 776 808 850 Nulli
833 775 996 869 imponas,
1023 775 1112 868 quod
1138 775 1209 868 ipse
1233 775 1302 868 pati
1327 797 1394 845 non
1420 775 1536 868 possis.

474 905 528 998 ,R
555 904 589 973 S.
641 902 732 974 Nulli
758 916 793 972 tu
819 901 981 994 impones,
1007 901 1077 993 ipse
1104 901 1193 993 qnod
1219 901 1307 972 serre
1332 900 1422 973 hand
1449 924 1563 994 queas.

491 1028 527 1098 Μ
551 1027 593 1108 V,
625 1027 656 1096 l.
706 1026 868 1096 Patientia
893 1025 1103 1096 miseriarum
1129 1034 1241 1117 portus
1267 1035 1327 1096 est.

492 1154 528 1221 P.
555 1152 589 1221 S.
638 1149 683 1221 Et
706 1150 917 1220 miseriarum
942 1158 1055 1241 portus
1080 1157 1130 1217 est
1153 1147 1324 1240 patientia.

490 1276 525 1347 Μ
549 1277 656 1355 XXII,
682 1274 717 1343 lt.
768 1273 840 1344 Viri
866 1272 947 1342 honi
972 1281 1019 1342 est
1044 1271 1173 1342 nescire
1198 1273 1246 1342 oel
1269 1273 1340 1365 poti
1363 1273 1412 1342 cel
1435 1273 1549 1344 lacere
1575 1273 1744 1345 iniuriam.

474 1285 526 1492 ll'.
553 1400 587 1469 S.
639 1399 713 1469 Viri
736 1398 816 1469 honi
842 1408 891 1466 est
915 1397 1044 1466 nescire
1069 1396 1179 1478 lacere
1205 1393 1374 1464 iniuriam.
1389 1388 1424 1485 (l)

564 1523 731 1618 Equidem
757 1531 846 1592 certe
871 1523 975 1592 multa
1001 1520 1190 1592 Caeciliana
1215 1519 1249 1588 in
1274 1522 1311 1589 P.
1337 1521 1457 1612 Syrum
1483 1519 1575 1589 illata
1601 1542 1671 1590 esse
1697 1521 1835 1592 minime
1868 1521 2025 1604 admiror,
2052 1523 2176 1617 quippe
2203 1524 2261 1617 qui

462 1648 649 1720 Caeciliani
674 1647 784 1740 operis
809 1647 1007 1738 fragmenta,
1040 1646 1207 1724 ἀδέσποτα
1232 1645 1379 1738 quidem,
1406 1646 1461 1716 hic
1487 1646 1558 1717 illie
1575 1646 1610 1715 in
1633 1647 1802 1718 codicibus
1829 1671 1926 1718 mscr.
1955 1658 2084 1720 entare
2110 1650 2259 1744 talesque

465 1771 594 1843 codices
620 1771 762 1841 editores
787 1773 823 1840 Ρ.
851 1770 925 1863 Syri
950 1769 1104 1839 manibus
1130 1765 1311 1839 versarisse
1337 1768 1435 1838 facilc
1462 1769 1544 1838 mihi
1568 1771 1803 1863 persuaserim,
1830 1794 1905 1842 cum
1931 1773 2126 1864 praesertim
2153 1775 2260 1844 codex

464 1905 577 1966 noster
609 1895 818 1966 Monacensis
858 1894 948 1964 idem
988 1917 1058 1962 esse
1089 1893 1242 1962 videatur
1276 1915 1351 1962 oum
1384 1892 1591 1984 Frisingensi
1621 1895 1681 1965 illo
1712 1897 1750 1965 P.
1784 1897 1856 1988 Syri
1898 1897 2014 1967 codice
2048 1890 2126 1986 (rid.
2159 1923 2260 1992 supra

464 2045 542 2116 pag.
578 2017 634 2113 ll)
668 2020 853 2112 brevesque
885 2020 963 2090 illae
996 2020 1181 2090 sentenIIae
1213 2019 1356 2089 morales
1390 2018 1433 2096 ah
1466 2019 1582 2089 eodem
1617 2019 1755 2090 librario
1789 2021 1911 2116 scripta
1944 2023 2020 2106 sint,
2055 2022 2113 2114 qui
2147 2023 2259 2116 priora

464 2167 599 2238 quoque
625 2144 747 2215 codicis
773 2144 855 2215 lolia
879 2143 1075 2215 absolverat.
1128 2144 1192 2215 Sed
1217 2142 1302 2214 haec
1327 2144 1489 2215 hactenus
1515 2143 1556 2214 de
1582 2145 1700 2215 Publio
1727 2146 1821 2238 Syro.

563 2271 654 2340 Inter
679 2279 830 2342 auctores
856 2270 1001 2339 Graecos
1027 2266 1302 2366 Plutarchum,
1330 2269 1543 2339 stobaeum
1569 2260 1642 2356 (clr.
1669 2269 1711 2339 ad
1737 2271 1772 2338 M
1797 2271 1837 2350 V,
1864 2271 1898 2339 2.
1925 2271 2012 2350 XIV,
2039 2271 2074 2340 2.
2100 2273 2204 2352 XXX,
2226 2269 2258 2343 l.
2287 2268 2290 2276 ’

463 2393 522 2476 XI,
553 2394 583 2465 l.
618 2395 736 2477 XXVI,
763 2394 799 2464 lt.
832 2394 967 2476 XXVII,
995 2393 1029 2463 3.
1064 2394 1214 2474 XXXIV,
1251 2386 1282 2482 1)
1315 2393 1389 2486 plus
1414 2415 1482 2463 uno
1508 2394 1594 2475 loeo,
1629 2395 1848 2462 Isocratem
1882 2403 1982 2486 atque
2008 2392 2258 2466 Athenaeum

463 2511 536 2607 (csr.
563 2518 606 2588 ad
630 2520 666 2588 M
691 2520 717 2600 l,
744 2521 780 2588 2.
806 2520 895 2602 XIX,
921 2512 957 2608 2)
983 2515 1087 2586 semel
1113 2516 1148 2584 in
1175 2515 1441 2587 adnotationibus
1467 2517 1586 2586 nostris
1614 2516 1804 2598 citavimus3
1833 2517 1890 2586 sed
1916 2516 2035 2589 horum
2062 2520 2173 2590 nullus
2200 2531 2259 2604 est,

464 2664 538 2735 quo¹
557 2641 739 2713 Caecilium
764 2664 862 2712 usum
888 2619 959 2711 esse
985 2664 1045 2733 pro
1071 2650 1161 2710 certo
1186 2639 1354 2710 allirmare
1380 2639 1534 2710 audeam.

562 2767 681 2837 Paucis
714 2776 842 2838 tautum
874 2743 1019 2834 monebo
1054 2765 1095 2835 de
1128 2764 1307 2856 Diogene
1341 2765 1514 2835 Laertio.
1566 2764 1635 2846 Qui
1665 2765 1816 2858 quamvis
1851 2765 1962 2835 multis
1994 2767 2075 2839 locis
2109 2761 2179 2856 (cir.
2214 2766 2259 2838 ad

462 2892 498 2962 Μ
522 2891 610 2972 XIV,
640 2893 674 2960 2.
700 2892 788 2974 XVI,
809 2891 842 2960 l.
867 2889 970 2960 Ρ23.
989 2883 1049 2980 25)
1076 2912 1153 2958 cum
1180 2888 1327 2958 Caecilio
1354 2887 1520 2973 concinat,
1546 2887 1683 2957 totidem
1709 2888 1778 2957 sere
1805 2889 1846 2959 ah
1873 2913 1913 2958 eo
1938 2888 2086 2971 dissidet,
2112 2883 2190 2979 (vid.
2217 2891 2258 2960 ad

462 3016 498 3086 M
522 3015 564 3098 II,
592 3015 626 3086 3.
657 3015 715 3118 XI,
742 3016 777 3082 2.
811 3014 930 3096 XXIV,
960 3007 991 3102 1)
1019 3013 1065 3082 ita
1093 3023 1130 3082 ut
1154 3013 1273 3083 Nostro
1300 3009 1355 3080 hie
1381 3022 1495 3082 auctor
1521 3011 1563 3081 ad
1589 3033 1705 3082 manus
1731 3011 1831 3082 luisse
1856 3035 1923 3082 non
1948 3013 2112 3084 videatur.
2165 3016 2259 3084 Ilaec

462 3161 543 3210 vero
568 3159 621 3208 res
645 3160 739 3208 secus
765 3160 801 3208 se
826 3136 976 3219 haberet,
1003 3136 1031 3205 si
1057 3145 1151 3206 extra
1172 3159 1306 3220 omnem
1332 3136 1571 3207 dubitationem
1597 3138 1703 3230 posita
1721 3148 1753 3208 et
1770 3139 1811 3208 ah
1830 3139 1921 3208 omni
1947 3149 2040 3232 parte
2064 3149 2134 3208 tuta
2161 3151 2259 3232 atque

462 3261 591 3332 munita
617 3269 737 3344 essent,
763 3282 851 3352 quae
876 3261 903 3330 l.
923 3261 962 3330 G.
982 3258 1204 3330 Schneidcrus
1230 3257 1264 3329 ih
1282 3261 1402 3333 Wolfii
1429 3261 1517 3332 anal.
1546 3262 1644 3332 litter.
1670 3262 1735 3332 vol.
1756 3265 1797 3332 II.
1821 3285 1898 3355 pag.
1917 3262 2113 3332 227-255
2139 3263 2181 3332 de
2200 3266 2257 3337 W.

363 3439 369 3448 .
461 3385 597 3456 Burleio
632 3383 725 3455 docte
751 3395 783 3454 et
808 3384 980 3476 ingeniose
1016 3385 1179 3476 exposuit.
1231 3383 1334 3456 Cuius
1360 3383 1596 3456 dissertationis
1630 3409 1761 3456 summa
1793 3385 1876 3456 haec
1908 3397 1967 3468 est,
2004 3396 2041 3456 ut
2066 3388 2258 3460 Walterum

462 3511 613 3605 pleniore
639 3518 671 3580 ct
696 3509 835 3580 meliore
860 3509 1022 3600 Diogenis
1047 3508 1172 3579 Laertii
1198 3509 1311 3578 codiee
1338 3533 1435 3579 nsum
1463 3533 1534 3580 esse
1568 3509 1781 3593 demonstret,
1816 3531 1916 3601 quam
1942 3510 2063 3602 quihus
2096 3509 2258 3580 editiones

462 3646 595 3705 nostrae
632 3634 731 3705 huius
765 3634 932 3727 scriptoris
965 3642 1209 3726 superstructae
1245 3645 1332 3703 sunt.
1383 3635 1520 3705 Viderat
1551 3635 1674 3728 quippe
1706 3635 1756 3705 vir
1788 3635 2007 3717 doctissimus,
2044 3634 2101 3708 W.
2130 3637 2258 3708 Burleii

462 3760 587 3831 librum
612 3760 807 3852 inscriptum
833 3759 968 3830 devita
994 3771 1026 3828 et
1052 3758 1200 3828 moribus
1225 3757 1498 3852 philosophorum
1533 3781 1690 3852 magnam
1724 3770 1852 3852 partem
1879 3758 2012 3830 lluxisse
2039 3783 2081 3830 ex
2105 3761 2258 3854 Diogene

462 3884 614 3964 Laertio;
640 3884 726 3954 idem
755 3883 852 3954 huius
878 3885 1045 3977 scriptoris
1071 3882 1212 3964 codices,
1239 3883 1361 3975 quibos
1387 3882 1560 3974 hucusque
1579 3883 1649 3954 Viri
1674 3884 1771 3953 Docti
1797 3885 1848 3954 usi
1873 3895 1959 3966 suot,
1987 3885 2159 3956 lacunosos
2186 3908 2258 3955 esse

463 4007 526 4078 sibi
551 4009 724 4102 persuasit,
751 4009 865 4102 itaque
891 4010 1013 4078 lactum
1041 4017 1107 4108 est,
1126 4018 1173 4088 ut,
1200 4031 1285 4100 quae
1311 4029 1370 4076 nos
1389 4007 1583 4078 Caeciliana
1609 4029 1709 4099 supra
1736 4029 1811 4102 pag.
1840 4008 1886 4079 56
1913 4030 2005 4102 seqq.
2033 4032 2076 4078 ex
2092 4012 2151 4083 W.
2168 4011 2258 4080 Bur-

464 4132 530 4220 leio
565 4132 775 4215 erucbamus,
808 4157 848 4203 ea
882 4133 1043 4226 pleraque
1072 4132 1218 4224 Diogeni
1252 4131 1428 4202 trihuenda
1462 4142 1553 4202 ratus
1579 4130 1613 4199 in
1649 4131 1798 4200 codicem
1825 4132 1992 4224 quendam
2018 4134 2197 4225 Anglicum
2222 4135 2257 4204 in

462 4255 572 4326 lucem
598 4256 857 4349 protrahendum
883 4256 1033 4326 omnium
1059 4257 1172 4326 oculos
1198 4266 1404 4326 converteret
1428 4254 1590 4348 bonisque
1615 4255 1782 4344 proiectus
1817 4255 1918 4325 initiis
1950 4257 1987 4324 in
2014 4279 2162 4328 errorem
2196 4259 2257 4329 de-

463 4380 640 4452 laberetur.
687 4380 900 4474 Quamquam
926 4379 1014 4450 hunc
1040 4381 1190 4450 errorem
1215 4381 1327 4451 nescio
1352 4402 1395 4450 au
1422 4379 1625 4484 commisisse
1652 4379 1856 4449 Schneidero
1881 4381 1989 4474 potius
2014 4381 2104 4450 laudi
2130 4383 2181 4464 sit,
2210 4423 2255 4434 —

463 4527 572 4599 neque
598 4503 688 4574 enim
714 4504 786 4574 cios
811 4505 941 4574 animus
967 4503 1198 4596 praesagiebat
1223 4502 1404 4573 Caecilium
1431 4527 1449 4572 e
1475 4502 1621 4572 tenebris
1648 4527 1727 4572 mox
1751 4505 1784 4573 in
1813 4504 1922 4576 lucem
1949 4519 2122 4576 evocatum
2149 4505 2191 4575 iri
2209 4543 2256 4559 -·

465 4628 656 4721 quamlcvi
691 4650 794 4698 manu
819 4626 1003 4697 correxisse
1036 4625 1089 4709 iis,
1125 4626 1194 4718 qni,
1229 4650 1329 4721 quam
1364 4629 1491 4721 primus
1520 4628 1742 4699 Schneidcrus
1776 4630 1944 4721 ingressus
1978 4643 2050 4702 erat
2080 4632 2181 4714 viam,
2215 4655 2257 4703 ea

462 4753 620 4848 progredi
645 4751 815 4843 dedignati
839 4773 973 4821 omnem
991 4750 1092 4821 illam
1118 4773 1210 4844 spem
1240 4752 1397 4823 abiecisse
1429 4754 1506 4823 satis
1541 4753 1702 4824 haherent
1732 4776 1843 4846 neque
1881 4765 1989 4825 mmeu
2016 4756 2256 4827 Schneiderum

461 4878 715 4970 redarguerent.
767 4874 846 4946 Noli
879 4874 980 4966 igitur
1012 4875 1126 4945 mirari
1156 4887 1281 4968 septem
1306 4875 1374 4946 iam
1399 4875 1478 4947 inde
1504 4876 1546 4948 ah
1572 4900 1612 4948 eo
1645 4887 1793 4969 tempore
1830 4878 1949 4972 elapsis
1982 4880 2091 4949 lustris
2125 4881 2255 4950 nullum

463 5025 505 5074 ex
529 5001 702 5075 Britannia
726 5000 879 5071 nuntium
904 4998 945 5069 de
972 5000 1111 5093 expletis
1136 4999 1202 5068 illis
1228 4999 1312 5070 votis
1338 5000 1379 5070 ad
1405 5023 1465 5070 nos
1492 5001 1692 5092 pervenisse.

561 5126 646 5197 Cum
679 5148 759 5196 vero
784 5123 1007 5195 Schneidcrus
1041 5145 1109 5192 nou
1142 5133 1246 5194 totum
1271 5124 1330 5196 W.
1358 5121 1484 5193 Burleii
1517 5121 1639 5193 librum
1674 5132 1856 5204 excuteret,
1892 5123 1949 5194 scd
1975 5126 2036 5196 VII
2063 5127 2254 5219 Sapientum

462 5261 589 5322 tantum
615 5250 698 5320 vitas
723 5271 912 5344 paucasque
939 5247 1032 5329 alias,
1065 5247 1161 5319 nohis
1187 5271 1322 5341 quoque
1355 5249 1497 5340 paucula
1532 5247 1572 5318 de
1599 5247 1753 5332 Chilone,
1779 5249 1906 5330 Biante,
1933 5249 2095 5321 Cleobule
2121 5249 2162 5320 ad
2188 5259 2256 5320 sta·

462 5375 645 5447 hiliendam
670 5383 817 5446 rosham
849 5373 1046 5445 sententiam
1078 5373 1227 5467 prolerre
1259 5373 1369 5444 liceat.
1420 5371 1567 5445 Chilonis
1600 5372 1702 5465 igitur
1732 5373 1911 5444 sententias
1939 5383 2005 5444 tres
2031 5372 2254 5446 Schneidcrus
