4982 6280
1000 549 1248 620 ..55-

322 749 380 828 lll,
408 751 443 832 7,
470 750 505 818 2.
557 749 761 842 Pythagoras
795 748 1026 843 philosophus.
1077 749 1194 820 Brevis
1225 751 1338 848 aetatis
1373 771 1444 820 esse
1476 749 1563 821 nihil
1596 772 1714 822 avaros
1748 744 2020 840 (cothurnosa

231 866 328 963 nihil)
354 871 395 942 de
420 893 481 943 suo
504 873 553 944 uti
578 873 692 944 licere.
744 873 836 944 ldem
863 873 995 945 cuidam
1021 875 1178 966 locupleti
1203 873 1301 944 dixit:
1328 873 1432 944 Stulte
1460 924 1468 943 .
1497 925 1507 942 .
1535 925 1544 946 .
1572 925 1581 944 .
1607 873 1711 964 alges.
1762 877 1797 948 Μ
1820 875 1895 958 Xll,
1922 875 1957 958 3,
1983 877 2019 952 A.

323 1000 380 1078 lll,
408 998 443 1080 9,
470 999 506 1069 3.
557 999 697 1090 Legitur
723 999 757 1068 iu
781 997 967 1090 proverbiis
993 996 1269 1091 pbilosophorum
1296 1007 1359 1066 etc.
1410 998 1445 1068 tt
1470 997 1498 1078 l,
1528 998 1560 1066 1.

322 1123 432 1192 Locos
457 1109 545 1203 1‚'3,
575 1122 647 1192 101
672 1115 856 1210 (=Lind.
887 1115 937 1210 l);
973 1120 1167 1203 111‚3,23
1195 1115 1524 1210 t=ttxvt1,b);
1559 1113 1940 1210 111,7,u(=1.ind.
1970 1116 2018 1212 ¹)t

227 1245 285 1328 lll,
313 1245 348 1328 8,
377 1246 392 1315 1
424 1237 545 1335 (--Μ
567 1248 626 1328 Xl,
654 1241 689 1336 E)
716 1245 802 1316 inira
827 1245 987 1337 exscripsi
1010 1267 1084 1338 cap.
1114 1245 1171 1315 tu.

613 1650 646 1731 9.
684 1646 916 1732 WALTERUS
942 1645 1163 1733 BURLElUS.
1212 1647 1431 1733 ALBERTUS
1456 1649 1507 1730 AB
1533 1649 1625 1731 uto.

320 1869 451 1940 Incerto
476 1867 614 1938 nitimur
645 1862 875 1957 disputationis
899 1860 1116 1932 fundamento
1146 1860 1192 1933 ad
1216 1863 1367 1942 Walteri,
1388 1864 1516 1934 Burleii
1540 1864 1646 1956 Angli
1678 1864 1802 1936 librum
1838 1865 2018 1950 transituri,

226 1993 283 2085 qui
310 1993 502 2064 inscribitur
526 1990 568 2060 de
584 1991 651 2061 vita
676 1999 710 2057 et
735 1985 885 2058 moribus
911 1985 1200 2078 philosophorum.
1238 1989 1324 2058 Nam
1350 2011 1436 2081 quae
1462 1997 1592 2058 exstant
1616 1987 1715 2058 huius
1740 1987 1819 2058 libri
1844 1989 2019 2075 editiones,

222 2120 283 2190 XV
308 2119 488 2210 pleraeque
515 2125 548 2186 et
571 2115 648 2185 XVl
674 2111 778 2182 seculi
804 2111 959 2193 ineuntis,
986 2111 1136 2182 noudum
1165 2113 1207 2183 ad
1241 2113 1320 2183 artis
1346 2115 1480 2184 criticae
1514 2113 1607 2204 loges
1641 2123 1778 2186 exactae
1813 2114 1936 2186 mirum
1970 2123 2020 2186 est

223 2249 384 2334 quantum
410 2241 495 2310 iuter
520 2261 555 2308 se
582 2237 780 2328 discrepent,
810 2257 934 2327 eaque,
970 2257 1036 2327 qua
1062 2257 1126 2329 ego
1151 2257 1230 2310 usus
1255 2259 1342 2320 sum,
1374 2237 1453 2308 licet
1476 2237 1521 2307 sit
1545 2239 1776 2333 antiquissima
1802 2237 1883 2310 anui
1910 2237 2017 2322 1173,

222 2373 269 2433 tot
292 2363 434 2446 mendis,
462 2362 603 2443 lacunis,
631 2358 840 2453 corruptelis,
865 2357 1020 2430 vitiorum
1037 2359 1129 2429 omni
1145 2381 1271 2452 genere
1296 2361 1455 2444 abundat,
1481 2372 1518 2434 ut
1535 2385 1590 2432 me
1608 2362 1773 2434 desiderio
1793 2385 1900 2434 novae
1917 2362 2017 2438 huius

220 2487 328 2558 libelli
355 2487 507 2558 editionis
531 2509 593 2580 per
619 2485 682 2556 tria
708 2483 775 2554 iam
801 2485 915 2554 secula
938 2484 1084 2574 neglecti
1106 2495 1198 2555 etue
1216 2485 1321 2555 semel
1346 2485 1494 2579 quidem,
1521 2485 1611 2580 quod
1636 2487 1751 2568 sciam
1778 2487 1863 2580 typis
1887 2485 2018 2579 repetiti

222 2634 324 2704 quam
349 2612 494 2681 maxime
520 2609 720 2702 impleverit.
772 2610 849 2679 Huc
882 2608 950 2678 iam
976 2607 1115 2690 accedit,
1150 2608 1239 2701 quod
1275 2607 1317 2678 de
1348 2618 1483 2680 auctore
1517 2609 1617 2682 huius
1649 2609 1727 2680 libri
1759 2607 2018 2703 haudquaquam

222 2747 348 2806 constet
379 2737 464 2806 inter
488 2736 577 2804 uiros
603 2734 715 2804 doctos
740 2755 802 2803 nec
827 2733 933 2802 firmis
958 2733 1163 2824 argumentis
1187 2732 1347 2816 nitantur,
1379 2735 1437 2826 qui
1463 2755 1540 2804 eum
1565 2733 1721 2808 Waltero
1747 2734 1882 2805 Burleio
1907 2733 2018 2805 viudi-

222 2869 307 2931 un.
357 2853 438 2948 (cc.
468 2831 624 2930 vossium
656 2857 696 2928 aa
732 2856 809 2928 nist.
843 2857 899 2927 11.
934 2855 1065 2926 roric.
1098 2855 1184 2929 ιιιιι.
1217 2855 1307 2926 msa.
1343 2857 1401 2928 nc
1427 2859 1454 2928 1.
1481 2880 1514 2951 p.
1542 2857 1627 2930 aes.
1653 2857 1738 2929 sto.
1772 2858 1831 2928 ιιι.
1857 2881 1890 2952 p.
1918 2852 2018 2950 ssa.)

222 2984 448 3055 Nihilominus
475 2983 580 3076 ipsam
605 3005 678 3052 rem
704 2979 943 3072 aggrediamur
967 3003 1102 3052 necesse
1128 2991 1188 3052 est.

319 3109 515 3181 Editiouum
549 3111 652 3201 igitur
685 3108 782 3201 plura
807 3107 961 3178 videntur
993 3129 1065 3176 esse
1092 3129 1227 3198 genera.
1277 3111 1328 3178 Ea
1353 3131 1439 3202 quoe
1464 3105 1547 3178 mihi
1579 3107 1622 3178 ad
1652 3129 1771 3178 manus
1805 3108 1878 3191 luit,
1909 3107 2017 3179 torma

222 3234 370 3304 maxima
396 3233 557 3326 impressu
583 3233 626 3303 11
657 3233 745 3302 ioliis
771 3231 879 3324 ipsum
905 3232 1051 3302 continet
1067 3231 1217 3305 Walteri
1232 3234 1271 3304 B.
1289 3232 1441 3306 libellum
1463 3235 1499 3305 iu
1519 3233 1589 3303 135
1607 3234 1716 3328 capita
1741 3232 1895 3316 divisum,
1923 3232 2017 3304 cuius

223 3357 258 3426 in
285 3358 362 3441 line,
389 3351 459 3447 (iol.
486 3359 529 3427 11
558 3350 662 3446 recto)
688 3357 723 3426 hi
748 3357 904 3447 leguntur
928 3356 1099 3428 versiculi:

615 3480 762 3554 Waltcri
788 3480 913 3574 Burley
938 3480 1074 3572 Anglici
1101 3481 1135 3551 in
1160 3471 1248 3552 vitas'
1269 3481 1556 3576 philosophorum.

617 3604 773 3675 Cernitur
797 3603 854 3674 hic
877 3603 954 3674 finis
980 3605 1052 3674 laus
1078 3603 1210 3674 Christo
1234 3607 1349 3677 nescia
1372 3607 1459 3677 linis.

614 3727 779 3818 Egregios
804 3739 952 3800 veterum
979 3751 1088 3801 mores
1114 3731 1287 3822 speculare
1311 3733 1472 3804 virorum.

617 3852 710 3935 Quos
736 3852 823 3923 duce
847 3864 966 3924 natura
991 3854 1197 3925 tradiderunt
1221 3864 1330 3926 mente
1356 3878 1486 3927 secura.

619 3977 686 4060 Qui
711 3978 782 4047 vult
807 4000 888 4070 ergo
914 3979 1003 4071 legat
1028 3978 1201 4049 domiuum
1226 3979 1387 4070 posthoc
1412 3971 1597 4052 benedicat.

222 4103 379 4195 Sequitur
395 4102 452 4172 iol.
471 4102 514 4171 11
537 4124 633 4172 verso
661 4102 797 4173 »tabula
822 4125 922 4196 super
946 4105 1033 4175 libro
1058 4105 1273 4196 praecedenti
1293 4105 1372 4174 sutis
1391 4105 1513 4188 utilis»
1542 4105 1564 4174 i.
1583 4127 1614 4176 c.
1632 4104 1734 4175 index
1759 4101 2012 4184 sententiarum,

222 4236 255 4296 et
279 4225 337 4296 iol.
355 4225 534 4296 diverso:
565 4225 731 4318 »Explicit
756 4227 868 4298 tabula
893 4228 934 4298 de
960 4228 1055 4298 dictis
1082 4239 1115 4298 et
1139 4229 1234 4300 luctis
1258 4230 1541 4300 nobilissimorum
1566 4227 1853 4324 philosophorum.
1880 4226 2010 4298 1173.»

220 4352 375 4445 Denique
401 4353 532 4422 lectoris
558 4353 666 4444 gratia
692 4353 829 4423 nomina
855 4354 1129 4448 philosophorum
1154 4365 1394 4448 poetarumque
1412 4353 1530 4423 ordine
1554 4351 1771 4424 adscribenda
1789 4374 1860 4422 esse
1881 4349 2010 4444 putavi;

221 4485 296 4544 sunt
321 4475 424 4566 igitur
449 4475 546 4546 haec:
1036 4478 1038 4484 ’

318 4599 461 4683 Thales,
488 4601 601 4682 Solon,
629 4601 737 4684 Chilo,
769 4601 924 4682 Pittacus,
958 4599 1046 4681 Bias,
1082 4599 1274 4682 Cleobulus,
1308 4600 1498 4683 Periander,
1533 4601 1718 4684 Zoroaster,
1751 4597 2011 4680 Anaximander,

220 4717 293 4815 (10)
318 4725 531 4808 Anacharsis,
557 4728 662 4820 Myso,
688 4727 914 4819 Epimenides,
942 4724 1161 4820 Pherecydes,
1188 4728 1367 4808 Homerus,
1400 4728 1583 4818 Lycurgus,
1616 4725 1855 4807 Anaximenes,
1889 4723 2014 4816 Pytha·

219 4871 330 4940 goras,
356 4853 586 4942 Anaxagoras,
612 4852 738 4933 Crates,
775 4845 848 4942 (20)
874 4851 1012 4944 Stilpon,
1038 4848 1274 4933 Archilochus,
1304 4849 1501 4933 Simonides,
1528 4849 1703 4943 Archytas,
1729 4850 1890 4942 Aesopus,
1923 4847 2013 4916 Zeno

219 4973 386 5057 Citiensis,
413 4975 564 5065 Gorgias,
590 4977 761 5058 leocrates,
790 4977 999 5067 Protagoras,
1027 4976 1162 5069 Crispus
1182 4968 1261 5066 (leg.
1280 4969 1506 5068 Chrysippus),
1533 4966 1606 5066 (30)
1623 4975 1786 5056 Socrates,
1812 4971 2011 5064 Aristippus,

218 5098 416 5192 Xenophon,
451 5098 674 5182 Antisthenes,
710 5099 912 5184 Alcibiades,
953 5098 1149 5178 Aeschines,
1188 5097 1364 5192 Euripides
1397 5097 1625 5194 philosophus,
1664 5098 1917 5179 Demosthenes,
1949 5097 2012 5165 So-

219 5219 367 5314 phocles,
393 5221 548 5303 Pericles,
583 5215 654 5312 (to)
681 5221 931 5306 Themistocles,
958 5223 1130 5306 Aristides,
1164 5221 1336 5306 Eudoxus,
1362 5223 1494 5306 Aratus,
1527 5223 1748 5305 Democritus,
1782 5222 2010 5314 Hippocrates,
2073 5239 2077 5248 ’

218 5345 408 5439 Euripides,
435 5345 635 5428 Heraclitus,
662 5347 894 5439 Empedocles,
919 5348 1145 5432 Parmenides,
1172 5339 1244 5437 (50)
1262 5347 1441 5440 Diogenes,
1464 5347 1663 5430 Carneades,
1680 5347 1784 5431 Plato,
1803 5345 2009 5429 Aristoteles,
