4982 6280
1252 618 1496 688 ...32-

941 841 1046 889 uovus
1071 827 1121 888 est
1145 816 1286 901 bomini,
1314 839 1390 886 cum
1415 824 1535 885 natura
1560 813 1808 884 commendatus
1834 823 1893 883 est.

476 961 637 1020 xxxvm
652 960 873 1033 (Dorotgtonar)
892 962 916 1012 1.
944 941 1111 1026 Quaerere
1125 963 1168 1010 an
1183 939 1327 1019 deussit,
1341 961 1449 1032 poena
1459 937 1598 1028 dignum
1612 947 1671 1021 est,
1685 959 1786 1031 quern
1801 937 1911 1006 colere
1925 937 2031 1029 magis
2045 960 2145 1030 quam
2159 937 2272 1009 discu-

892 1079 917 1130 ι.
942 1076 1011 1135 tere
1050 1064 1205 1134 convenit
1241 1062 1394 1156 sapienti.
1758 1061 1846 1129 Eum
1886 1060 1943 1152 qui
1983 1061 2151 1132 adiuratus
2189 1061 2269 1133 deos

940 1192 1142 1284 imprecatur
1166 1187 1271 1293 uriam
1297 1211 1413 1258 eorum
1438 1195 1473 1257 in
1500 1197 1605 1256 semet
1629 1185 1790 1255 oblivisci.
1951 1179 1954 1186 ’

891 1331 916 1383 tt.
940 1315 1137 1386 Mulieribus
1162 1304 1362 1408 quibusdam
1389 1312 1564 1405 intemplo
1589 1311 1805 1381 caenantibus
1824 1309 1980 1380 invitatus
1996 1320 2210 1404 rogatusque,
2233 1320 2268 1382 ut

940 1463 1001 1533 pro
1013 1439 1079 1508 illis
1094 1449 1296 1532 precaretur,
1314 1450 1466 1533 precatus
1480 1449 1539 1519 est,
1554 1460 1595 1506 ne
1610 1437 1841 1527 contingerent
1854 1436 1913 1517 eis,
1931 1459 2017 1528 quae
2030 1447 2191 1529 peterent,
2209 1437 2267 1508 sed

940 1587 1026 1658 quae
1053 1563 1099 1634 dii
1125 1564 1221 1635 utilia
1246 1563 1441 1634 iudicarent.
1479 1563 1680 1656 Plerumque
1702 1561 1792 1630 enim
1818 1560 2000 1629 contrarios
2017 1561 2100 1630 votis
2116 1571 2266 1630 votorum

890 1708 915 1758 4.
941 1695 1078 1757 eventus
1117 1709 1199 1758 esse.
1491 1687 1594 1757 Cuius
1633 1685 1755 1755 dictum
1789 1707 1857 1753 non
1891 1682 2012 1754 babeat
2049 1684 2264 1756 iurisiurandi

940 1813 1079 1905 pondus,
1106 1812 1177 1881 eius
1203 1810 1431 1881 iusiurandum
1458 1833 1591 1903 quoque
1619 1809 1684 1878 vile
1710 1831 1791 1878 esse.

494 1957 630 2012 xxm
660 1957 713 2028 (ne
728 1957 857 2028 imperto.)
891 1959 916 2009 1.
940 1937 990 2005 Ita
1017 1957 1199 2028 numquam
1226 1934 1447 2027 expetendum
1474 1933 1651 2026 imperium
1677 1941 1736 2012 est,
1763 1941 1799 2000 ut
1824 1931 1859 1999 iu
1884 1954 1925 2000 eo
1950 1931 2061 2000 timori
2087 1932 2223 2002 servias.

890 2075 914 2126 n.
941 2059 1029 2128 Eum
1055 2059 1112 2151 qui
1139 2059 1237 2128 nimis
1263 2060 1422 2149 astringat
1446 2058 1636 2152 imperium,
1663 2055 1762 2124 nimis
1788 2055 1928 2127 solvere.

889 2205 914 2255 o.
942 2181 1104 2255 blandam
1126 2183 1220 2284 apim
1246 2193 1280 2253 et
1303 2181 1475 2253 servientis
1500 2193 1533 2252 et
1557 2181 1749 2274 imperantis
1774 2181 1898 2250 debere
1924 2203 2006 2250 esse.

889 2322 914 2373 t
940 2301 2267 2398 Itumlirmumregem,qui,quaeimperat,novitvelpraeceptisquodcontrarium

891 2446 915 2498 o.
939 2431 1042 2525 possit
1079 2453 1167 2514 esse,
1206 2431 1366 2523 agnoseit.
1515 2432 1606 2500 Picto
1643 2432 1746 2513 dixit,
1787 2452 1863 2499 cum
1902 2428 2036 2500 vidisset
2072 2427 2269 2520 Dionysium

942 2565 1119 2649 tyrannum
1145 2555 1293 2647 corporis
1319 2554 1370 2623 sui
1396 2553 1588 2625 custodibus
1613 2563 1752 2646 septum,
1796 2551 1886 2635 Quid
1913 2561 2038 2622 tantum
2064 2550 2144 2620 mali
2169 2549 2270 2619 iecis-

520 2695 582 2748 xn.
603 2694 856 2766 (Derammurrt)
892 2698 915 2748 1.
941 2679 985 2762 ti,
1020 2688 1060 2748 ut
1092 2703 1111 2750 a
1145 2678 1256 2749 multis
1289 2677 1506 2748 custodiaris?
1673 2679 1822 2759 Ducem,
1858 2677 1916 2769 qui
1948 2699 2015 2746 non
2051 2675 2197 2756 laborat,
2234 2683 2271 2742 ut

941 2825 1037 2873 carus
1063 2802 1224 2892 militibus
1250 2802 1301 2884 sit,
1328 2801 1457 2871 nescire
1482 2802 1624 2870 militem
1650 2823 1793 2871 armare.

891 2949 915 3000 a.
940 2924 1188 2995 Humanitatem
1216 2923 1309 2994 ducis
1334 2925 1368 2994 in
1395 2923 1543 2994 exercitu
1568 2924 1693 2993 llumen
1720 2924 1877 2993 adversus
1903 2920 2013 2992 hostes
2040 2945 2121 2993 esse.

890 3068 915 3120 o.
940 3047 1131 3140 Numquam
1156 3071 1192 3118 sc
1218 3048 1377 3118 militibus
1403 3048 1553 3130 iussisse,
1580 3049 1627 3116 Ite
1653 3047 1754 3128 illuc,
1781 3045 1840 3116 sed
1865 3045 1982 3117 Venite

941 3171 1018 3243 buc.
1057 3173 1274 3266 Participatus
1291 3173 1382 3242 enim
1400 3196 1475 3243 curn
1502 3172 1586 3242 duce
1603 3172 1697 3242 labor
1722 3171 1941 3264 persuadetur
1959 3169 2123 3239 militibus
2149 3169 2270 3238 minor.

478 3413 729 3482 Discunmurra
753 3412 842 3486 tlon.
875 3414 1107 3486 Monacensis:
1141 3415 1184 3481 21
1216 3435 1340 3505 quaere
1374 3403 1392 3485 ll
1430 3410 1493 3481 tit).
1517 3434 1547 3480 a.
1599 3411 1830 3512 2cpooatibus
1865 3408 1883 3488 ΙΙ
1929 3407 2030 3480 tuit
2054 3432 2121 3479 sec.
2148 3433 2269 3490 manu;

1091 3537 1127 3604 a·
1151 3557 1201 3627 pr.
1228 3558 1273 3604 m.
1311 3525 1329 3608 tt
1368 3537 1471 3626 squ·
1496 3538 1601 3604 ments
1639 3527 1656 3610 tt

494 3729 669 3737 „affl--
684 3729 966 3736 —-—--——..-—-..--
983 3729 1051 3734 ..-.-.
1065 3728 1485 3736 ..-—.--.-..-—-1-—..—-.--
1497 3730 1560 3735 ..-...-
1573 3729 1644 3735 ---.
1683 3730 1711 3734 ..-
1725 3729 1732 3735 -
1755 3730 1785 3734 .-.-
1862 3731 1870 3734 .
1889 3728 2031 3733 --——--—-
2050 3728 2095 3734 -a-
2106 3728 2188 3733 ——-
2204 3727 2262 3734 ,-..

560 3852 596 3900 ιι
620 3837 786 3910 udtorotts]
812 3839 916 3900 blalim
945 3840 1106 3901 Mmratoa
1157 3847 1174 3918 Η
1224 3840 1280 3903 to.
1302 3857 1330 3900 a.
1376 3837 1513 3910 troiam]
1539 3840 1666 3918 proprie
1692 3841 1923 3914 asinitatem,
1949 3837 2001 3898 vel
2029 3839 2271 3898 misericordiam:

478 3936 550 4009 (cir.
571 3935 672 3998 Haase
694 3937 734 3997 ad
755 3936 828 3997 Seu.
850 3954 921 4016 opp.
941 3939 1002 3998 vol.
1023 3937 1074 3998 III.
1094 3938 1193 4016 praei.
1213 3957 1283 4017 pag.
1304 3935 1386 4012 XV.)
1409 3945 1517 4000 nostro
1539 3942 1639 3999 tamen
1661 3939 1733 3999 loco
1754 3941 1922 3997 memoriam
1942 3937 2105 4014 legendum
2127 3954 2198 3998 esse
2219 3938 2271 3998 vi-

478 4036 577 4095 detur.
626 4027 643 4098 ΙΙ
693 4034 867 4112 XXXVIII,
893 4037 922 4096 b.
963 4035 1016 4095 W.
1043 4036 1076 4096 B.
1103 4036 1214 4097 Solon:
1247 4037 1437 4097 Probitateur
1462 4037 1658 4098 iureiurando
1684 4038 1849 4097 certiorem
1875 4036 1965 4096 habe.
2006 4035 2098 4096 Citius
2125 4039 2202 4096 euim
2220 4033 2270 4106 (t)

478 4135 593 4194 dietum
619 4150 680 4193 nou
708 4134 803 4193 babet
827 4133 997 4194 iusiuraudi
1024 4134 1162 4212 pondus,
1188 4134 1255 4194 eins
1282 4151 1403 4210 quoque
1430 4134 1639 4195 iusiurandum
1667 4135 1729 4194 vile
1756 4139 1813 4194 est.
1855 4133 1916 4194 CIr.
1944 4133 2032 4210 Diog.
2058 4133 2091 4194 L.
2121 4139 2150 4208 1,
2176 4135 2205 4208 2,
2231 4133 2271 4192 6⁰

478 4228 617 4301 (Solou):
640 4225 895 4313 Καλοιιαγαθίαν
915 4223 1015 4314 ὅρκου
1037 4225 1232 4314 πιστοτέραν
1254 4222 1314 4309 ἔχε.
1360 4225 1376 4294 ΙΙ
1422 4225 1659 4309 competendum]
1672 4235 1753 4294 tort.
1775 4233 1980 4293 exercendum.
2026 4224 2042 4295 ΙΙ
2086 4231 2224 4306 XXXIX,
2243 4232 2270 4289 3.

478 4328 531 4387 W.
556 4327 590 4387 B.
616 4327 726 4389 Solon:
757 4327 837 4389 Esse
866 4330 1035 4390 eommqus
1064 4330 1215 4390 sermonis
1245 4329 1396 4389 blanditia
1427 4335 1459 4390 et
1484 4331 1648 4391 servientis
1676 4336 1708 4390 et
1733 4331 1919 4391 blandientis
1950 4328 2059 4400 (scrib.
2086 4326 2269 4405 imperantis)

478 4427 579 4488 debet.
627 4425 644 4496 ΙΙ
697 4421 890 4502 obtundam]
912 4427 976 4488 Aut
997 4428 1090 4488 scrib.
1111 4428 1275 4487 blanditiem
1296 4445 1365 4488 cum
1379 4429 1431 4486 W.
1445 4427 1481 4488 Β.
1496 4431 1549 4488 aut
1575 4431 1689 4490 excidit
1701 4412 1884 4489 'vocabulum
1907 4428 2074 4504 quoddam,
2097 4428 2196 4488 veluti
2217 4445 2270 4487 oo·

477 4543 549 4602 cem,
563 4525 765 4584 condicionem.
796 4518 812 4589 ΙΙ
840 4525 979 4600 XXXIX,
995 4527 1091 4586 t=P
1102 4529 1149 4587 36.
1172 4517 1189 4589 ΙΙ
1210 4525 1349 4602 XXXIX,
1365 4531 1392 4586 5.
1413 4527 1434 4586 I.
1447 4527 1512 4586 Sar.
1523 4527 1589 4588 Pol.
1602 4530 1630 4602 i,
1642 4531 1674 4586 t:
1691 4527 1789 4602 Plato,
1806 4527 2113 4586 otiorunthistoriae
2127 4527 2269 4601 gentium,

477 4643 546 4686 euru
560 4643 589 4696 q.
603 4623 638 4684 1).
652 4623 779 4685 Siclliae
793 4627 813 4684 t.
830 4641 855 4684 o.
871 4625 957 4686 suis.
973 4643 998 4686 c.
1033 4625 1119 4694 Quod
1141 4632 1162 4686 t.
1182 4626 1290 4702 iuquit,
1311 4627 1423 4686 malum
1445 4627 1465 4685 1.
1489 4631 1520 4687 ut
1538 4644 1555 4684 a
1571 4633 1628 4685 tora
1642 4644 1679 4685 m.
1694 4643 1824 4686 necesse
1845 4627 1963 4686 babeas
1985 4625 2158 4686 custodirii
2183 4624 2220 4683 V.
2234 4623 2268 4682 Β.

478 4743 524 4803 sp.
544 4724 574 4784 lt.
596 4726 626 4799 3,
646 4725 685 4784 79
706 4721 777 4793 (nt
796 4723 896 4784 refert
913 4723 1138 4800 Helinandus’),
1167 4742 1212 4802 sp.
1235 4725 1263 4785 d.
1285 4727 1313 4801 5,
1335 4727 1354 4784 7
1378 4725 1598 4796 (,IIelinandus
1627 4725 1658 4783 iu
1688 4715 1897 4800 chronicis'),‘
1913 4741 1958 4801 sp.
1981 4725 2008 4783 d.
2031 4727 2058 4796 7,
2081 4725 2129 4798 30,
2157 4722 2211 4782 W.
2233 4721 2267 4780 B.

476 4822 567 4882 Plato
594 4825 811 4898 circrtmseptum
835 4839 891 4899 pro
917 4829 1042 4897 septem·
1070 4840 1116 4900 sp.
1139 4823 1166 4882 d.
1189 4825 1216 4898 5,
1239 4826 1258 4882 7
1280 4823 1368 4898 Quod,
1394 4839 1439 4899 sp.
1463 4823 1491 4884 d.
1519 4824 1546 4897 7,
1574 4824 1613 4881 30
1640 4823 1671 4882 et
1699 4839 1743 4898 sp.
1774 4823 1804 4881 b.
1832 4823 1917 4899 Quid,
1941 4823 1996 4882 W.
2018 4821 2053 4881 B.
2077 4823 2153 4896 Cur,·
2178 4820 2214 4879 V.
2236 4819 2270 4878 B.

477 4921 590 4997 molum,
611 4920 664 4979 W.
685 4920 718 4980 B.
740 4921 823 4980 mab:
851 4919 972 4996 reliqua
999 4938 1066 4980 curn
1088 4919 1109 4980 I.
1132 4921 1198 4980 Sar.
1226 4925 1404 4998 congruunt.
1454 4929 1470 4999 Η
1520 4919 1586 4996 XL,
1610 4923 1637 4980 t.
1679 4919 1701 4980 I.
1724 4920 1789 4980 Sar.
1813 4917 1879 4981 Pol.
1909 4917 2269 4995 t,3subfin:1utius

478 5035 599 5095 quoque
621 5016 737 5078 Caesar
756 5019 832 5096 Dux,
853 5018 959 5094 inquit,
981 5019 1032 5094 qui
1053 5037 1080 5078 ιι.
1102 5018 1123 5077 1
1143 5023 1176 5078 ut
1197 5036 1235 5078 ur.
1256 5035 1282 5077 e.
1305 5019 1354 5093 sit,
1375 5036 1412 5078 m.
1438 5020 1537 5078 nescit
1557 5037 1661 5079 amaro
1682 5019 1761 5097 (leg.
1782 5019 1924 5090 amore).
1957 5017 1995 5077 V.
2007 5018 2041 5077 B.
2055 5037 2101 5096 sp.
2117 5019 2145 5077 d.
2166 5022 2194 5093 7,
2217 5019 2269 5076 30:

477 5115 572 5176 Iulius
594 5115 709 5177 Caesar
730 5117 835 5177 dloere
855 5117 968 5177 solitus
989 5120 1065 5193 erat,
1086 5116 1162 5193 Dux,
1186 5119 1239 5193 qui
1261 5161 1269 5178 .
1290 5164 1297 5178 .
1320 5165 1327 5179 .
1349 5164 1356 5178 .
1378 5135 1505 5178 arurare.
1555 5113 1572 5182 ll
1625 5118 1689 5198 XL,
1712 5121 1741 5180 2.
1781 5119 1891 5179 ISar.
1914 5117 1934 5176 l.
1954 5117 1990 5176 l.:
2020 5116 2140 5186 ,Nescit
2159 5116 2269 5174 huma-

477 5213 795 5284 nitatem....esse‚'
819 5215 934 5276 omisso
953 5215 1067 5291 flumen.
1100 5213 1136 5274 V.
1159 5215 1191 5274 B.
1213 5216 1233 5274 l.
1256 5216 1277 5276 l.
1306 5216 1414 5276 Nescit
1434 5217 1465 5276 b.
1490 5216 1519 5275 d.
1540 5217 1571 5276 in
1594 5234 1619 5276 e.
1641 5224 1668 5276 et
1688 5217 1758 5278 adv.
1779 5217 1811 5276 h.
1831 5217 1950 5276 dobere
1971 5230 2054 5275 esse.
2099 5206 2115 5275 ll
2162 5211 2270 5287 totiu-

477 5304 552 5389 men]
575 5313 677 5374 Malim
702 5314 820 5390 [ulmea
869 5309 886 5381 ΙΙ
936 5312 1004 5392 XL,
1028 5317 1055 5373 3.
1096 5313 1118 5374 I.
1141 5314 1207 5374 Sar.
1229 5315 1248 5373 I.
1270 5313 1303 5373 l.:
1335 5314 1416 5374 Idem
1438 5312 1521 5383 (scil.
1542 5314 1597 5373 Iul.
1620 5313 1751 5386 Caesar)
1778 5331 1930 5391 nunquam
1950 5313 2030 5373 dixit
2050 5310 2198 5372 militibus
2220 5309 2271 5370 Ite

478 5411 546 5487 buc,
567 5412 624 5472 sed
643 5412 764 5474 Venite.
804 5413 935 5474 Dicebat
955 5414 1043 5490 eninr,
1066 5414 1137 5490 quia
1158 5417 1237 5492 part.
1258 5429 1325 5473 eum
1346 5413 1374 5473 d.
1396 5413 1416 5472 t.
1439 5413 1562 5473 videtur
1582 5431 1620 5473 m.
1642 5431 1679 5474 m.

2287 828 2324 882 20

2300 1695 2316 1745 5

2286 2321 2318 2374 10

2287 2947 2319 2997 15
