4982 6280
1060 582 1108 596 ..
1160 543 1182 615 3
1233 581 1280 594 -

617 737 646 818 l.
683 734 968 820 FRlllllEN’lllll
993 734 1048 816 ΒΧ
1076 731 1359 816 PlllllFl'llllNll
1386 731 1558 814 ctbctltt
1583 733 1713 814 Blbltl.

372 921 402 991 J.
430 921 501 989 Sar.
527 919 597 988 Pol.
623 918 681 988 lll.
712 917 768 986 ll.
819 918 1007 988 Adulatores
1030 918 1207 1010 puniendos
1240 941 1315 998 esse,
1350 930 1511 1008 tamquam
1535 916 1634 986 bostes
1659 917 1800 986 Deorum
1830 931 1857 986 et
1887 917 2060 998 bominum,

275 1059 303 1116 et
318 1047 480 1116 veritatem
504 1057 667 1134 qratauter
687 1043 941 1134 amplectendam,
968 1055 996 1110 et
1017 1043 1206 1133 patientiam
1232 1041 1479 1122 custodiendam,
1507 1055 1570 1110 tam
1595 1041 1775 1110 rationibus
1800 1064 1896 1132 quam
1914 1042 2063 1134 coemptis

274 1172 445 1239 maiorum.

374 1285 422 1381 (1)
448 1290 529 1372 Sed,
562 1299 599 1361 ut
627 1291 757 1381 vulgari
790 1287 966 1381 proverbio
999 1288 1130 1370 dicitur,
1157 1289 1248 1357 Deus
1279 1287 1336 1357 ille
1369 1310 1450 1380 prae
1483 1289 1599 1356 ceteris
1630 1288 1788 1358 colendus
1818 1287 1974 1371 creditur,
2006 1287 2065 1383 qui

275 1415 426 1486 subvenit
451 1414 484 1483 iu
511 1413 688 1507 praesenti.
740 1413 885 1505 Ideoque
911 1436 979 1482 nou
1006 1423 1122 1481 curant
1148 1413 1333 1503 quomodo,
1367 1411 1444 1481 dum
1474 1423 1585 1480 tamen
1621 1411 1684 1482 boc
1715 1413 1805 1505 quod
1832 1424 1990 1506 expetunt
2015 1414 2066 1482 la-

277 1541 374 1611 ciant.
424 1538 571 1630 Egregie
597 1537 732 1630 quidem
759 1537 925 1608 Caecilius
948 1537 1086 1617 Balbus,
1114 1540 1309 1628 Imperator,
1336 1536 1460 1628 iuquit,
1486 1538 1653 1628 Auguste,
1681 1548 1748 1607 tum
1776 1538 1809 1606 in
1835 1539 1969 1620 multis,
1997 1549 2066 1609 tum

276 1665 310 1734 in
338 1687 379 1732 eo
404 1663 548 1732 maxime
574 1662 682 1731 elucet
706 1661 884 1754 prudentia
917 1674 991 1740 tua,
1027 1660 1116 1752 quod
1149 1660 1201 1728 isti
1235 1660 1384 1730 noudum
1419 1671 1450 1729 te
1485 1661 1622 1730 omniuo
1653 1661 1807 1731 insanum
1839 1662 2064 1746 reddiderunt,

276 1787 334 1881 qui
359 1798 395 1857 ut
418 1786 479 1858 tibi
505 1785 718 1878 applaudant,
744 1809 811 1855 uon
839 1781 937 1855 modo
961 1784 1046 1866 Diis,
1081 1785 1138 1853 sed
1171 1784 1230 1854 tibi
1257 1784 1318 1876 ipsi
1345 1796 1378 1853 et
1403 1786 1525 1876 populo
1553 1784 1708 1854 iniuriam
1736 1785 1871 1855 faciunt.
1915 1788 2063 1856 Deorum
2099 1810 2114 1862 s

276 1911 438 2004 siquidem
464 1911 619 1980 minuunt
644 1910 883 1991 reverentiam,
915 1933 980 2002 quo
1006 1909 1180 2002 parificant
1214 1909 1286 1978 tibi.
1339 1909 1386 1978 Te
1413 1919 1557 1999 arguunt
1582 1909 1806 2000 insipientiae,
1843 1910 1923 1979 dum
1950 1911 2066 1980 eondi-

276 2037 374 2107 tionis
400 2046 477 2106 tuae
503 2044 708 2128 repugnante
734 2045 863 2115 natura,
890 2043 921 2104 te
947 2058 1060 2127 parem
1086 2033 1279 2104 numinibus
1306 2056 1377 2103 esse
1402 2032 1604 2124 persuadere
1629 2043 1855 2125 praesumunt.
1898 2037 1983 2104 Nota
2008 2058 2066 2105 su-

276 2159 476 2253 perstitionis
502 2159 638 2228 iuuruut
662 2160 834 2251 populum,
861 2158 914 2228 eui
939 2159 1096 2227 mortales
1114 2159 1203 2227 Deos
1228 2182 1288 2250 pro
1315 2158 1557 2227 immortalibus
1583 2157 1781 2248 persuadent
1806 2181 1876 2226 esse
1896 2159 2062 2228 colendos.

278 2275 325 2372 (2)
351 2284 437 2352 Sane
464 2283 496 2350 in
523 2305 563 2350 eo
588 2281 715 2374 aliquid
741 2282 891 2352 divinum
918 2281 976 2350 tibi
1002 2282 1110 2349 inesse
1136 2281 1355 2360 monstrabis,
1388 2281 1415 2350 si
1441 2304 1555 2350 omues
1588 2283 1679 2362 istos,
1715 2283 1773 2374 qui
1799 2281 1967 2383 divinitati
1988 2295 2064 2353 tuae

277 2405 504 2476 fraudulenter
529 2405 750 2498 applaudunt,
785 2405 857 2497 rapi
882 2407 1000 2476 leceris
1027 2404 1067 2472 ad
1095 2413 1269 2472 tormenta.
1321 2402 1404 2486 Quis
1430 2404 1519 2472 euim
1546 2406 1694 2475 Deorum
1728 2406 1759 2474 ei
1785 2416 1914 2497 pareat,
1948 2429 1968 2476 a
1999 2431 2065 2499 quo
2084 2427 2116 2478 to

278 2553 312 2599 se
340 2530 512 2621 deceptum
538 2529 579 2599 iri
605 2529 784 2622 intelligat
824 2529 908 2611 Quis
933 2553 1000 2599 non
1027 2530 1133 2599 irruat
1167 2527 1200 2598 iu
1237 2553 1334 2609 eum,
1370 2532 1427 2622 qui
1461 2555 1579 2601 aureos
1603 2533 1694 2601 lovis
1728 2535 1843 2602 oculos
1875 2533 1976 2612 eruit,
2011 2541 2068 2604 aut

278 2665 416 2746 argento
441 2656 649 2748 gemmisque
675 2655 813 2725 sublatis
839 2658 971 2726 Vestam
997 2654 1113 2724 nititur
1139 2655 1340 2724 excaecaret
1367 2655 1450 2739 Quis
1477 2657 1518 2726 de
1544 2657 1656 2726 Martis
1683 2657 1790 2748 capite
1816 2657 2066 2727 adamantinum

278 2781 392 2849 lumen
420 2780 555 2872 impune
582 2779 765 2850 temerariis
792 2777 903 2850 effodit
929 2778 1119 2869 unguibus?
1158 2771 1205 2870 (3)
1231 2781 1359 2872 Nempe
1384 2783 1474 2850 Deos
1500 2781 1682 2850 invisibiles
1708 2793 1740 2850 et
1766 2781 1968 2851 immortales
1999 2782 2067 2853 cir-

279 2905 485 2986 cumvenire,
512 2917 545 2974 et
571 2905 618 2974 eis
645 2905 795 2975 fallaciae
821 2927 941 2996 parare
967 2904 1114 2986 iusidias,
1140 2905 1301 2996 gravioris
1327 2904 1446 2997 eulpae
1473 2915 1531 2986 est,
1559 2928 1598 2974 eo
1625 2905 1715 2997 quod
1741 2906 1782 2974 ab
1809 2905 1860 2975 his
1887 2907 2067 2978 visibilium

277 3032 425 3100 Deorum
452 3029 578 3098 fabrica
603 3037 802 3098 sustentatur
828 3039 859 3096 et
884 3027 1021 3117 regitur,
1050 3037 1082 3096 et
1107 3027 1266 3097 bonorem
1293 3041 1351 3098 aut
1375 3040 1597 3120 contemptum
1624 3031 1682 3122 qui
1709 3031 1776 3099 istis
1802 3029 1987 3112 exhibetur,
2014 3031 2065 3102 illi
2083 3043 2117 3098 ts

278 3164 503 3225 remunerant.
543 3153 577 3223 Si
603 3155 689 3246 sapis
716 3177 808 3244 ergo,
836 3155 997 3246 Auguste,
1025 3155 1058 3223 in
1076 3157 1224 3224 Deorum
1249 3153 1359 3223 hostes
1385 3154 1548 3245 insurges,
1576 3165 1608 3222 et
1625 3165 1668 3236 te,
1694 3154 1722 3223 si
1749 3177 1814 3224 nou
1832 3158 1953 3238 Deum,
1979 3155 2068 3248 quod

278 3301 493 3373 nequaquam
518 3303 570 3362 es,
606 3279 659 3350 vel
684 3281 832 3348 Deorum
859 3289 890 3348 te
915 3277 1049 3347 docebis
1075 3301 1146 3347 esse
1179 3279 1359 3361 cultorem,
1389 3279 1416 3346 si
1451 3278 1642 3370 deceptores
1674 3280 1752 3348 istos
1785 3279 2067 3362 exterminaveris,

280 3415 513 3474 excaecatores
540 3412 623 3484 tuos,
649 3405 796 3472 Deorum
825 3412 1077 3494 contemptores,
1105 3412 1138 3472 et
1162 3414 1379 3495 utrorumque
1407 3403 1562 3472 iniuriam
1591 3403 1721 3495 punias.
1773 3407 1867 3473 llaec
1893 3404 2067 3474 Caecilius.

377 3576 558 3668 Excipiunt
583 3575 646 3645 boe
671 3574 883 3666 praelationis
909 3575 1133 3666 lragmentum
1159 3577 1433 3670 pbilosophorum
1459 3589 1609 3647 veterum
1635 3577 1938 3670 imperatorumque
1964 3579 2068 3647 facete

280 3699 367 3770 dicta
393 3700 601 3791 tabellaeque
626 3698 754 3790 lepidae
782 3737 826 3748 -
853 3721 974 3790 graeco
1000 3699 1161 3768 vacabulo
1188 3685 1439 3784 ἀποφθέγματα
1464 3700 1587 3769 dixeris
1609 3701 1738 3770 —boc
1764 3700 1896 3769 viuculo
1922 3700 2009 3769 inter
2032 3723 2068 3770 se

280 3821 466 3904 coniuncta,
492 3832 529 3892 ut
554 3822 739 3892 maledictis
765 3823 933 3891 lacessitos
958 3844 1060 3893 unam
1087 3822 1280 3914 patientiam
1306 3823 1423 3893 decere
1457 3824 1701 3917 comprobetur.
1753 3823 1848 3905 Quae
1874 3834 1970 3893 utet
1998 3825 2069 3918 ipsa

280 3968 324 4014 ex
341 3945 486 4016 Caecilio
502 3946 609 4015 Balbo
634 3944 769 4016 fluxisse
794 3947 1046 4027 demonstraret,
1073 3949 1125 4018 vel
1153 3949 1259 4040 potius
1278 3971 1399 4040 magna
1427 3973 1502 4021 cum
1519 3951 1589 4020 veri
1607 3950 1717 4042 specie
1744 3949 1934 4027 coniiceret,
1961 3950 2069 4043 primo

361 4169 449 4232 Vinc.
470 4169 591 4231 Bellov.
610 4189 696 4250 spec.
717 4189 792 4232 mor.
813 4174 868 4233 lib.
889 4173 939 4233 lll.
960 4177 1039 4251 pert.
1054 4177 1081 4232 3,
1104 4174 1222 4234 distrib.
1246 4177 1282 4232 11
1305 4171 1360 4241 (de
1382 4166 1514 4245 ironia):
1537 4171 1671 4248 Propter
1691 4171 1751 4230 boc
1771 4171 1888 4246 antiqui
1910 4172 2068 4249 sapientes

282 4269 434 4328 cavebant
462 4268 609 4346 sollicite,
636 4287 675 4329 ne
701 4271 880 4332 adulatores
907 4271 1033 4349 regibus
1061 4272 1270 4346 loquerentur.
1312 4270 1394 4330 Unus
1424 4273 1530 4329 orator
1552 4269 1672 4344 quidam
1699 4266 1742 4338 (J.
1764 4265 1830 4328 Sar.
1852 4265 1987 4344 quidem)
2009 4271 2069 4328 iur-

281 4367 419 4442 peratori
440 4368 571 4442 loquens
594 4369 729 4429 dicebat:
751 4369 922 4446 Imperator
935 4370 1075 4446 Auguste
1090 4372 1147 4428 etc.
1177 4370 1193 4442 ΙΙ
1226 4383 1240 4429 3
1261 4376 1318 4429 tam
1338 4367 1498 4440 tumultis]
1520 4367 1560 4425 V.
1572 4367 1605 4426 Β.
1620 4385 1684 4426 curn
1698 4370 1728 4426 ire
1741 4367 1844 4427 mritis.
1878 4367 1941 4427 Csr.
1955 4367 2068 4428 Policr.

280 4465 334 4524 lib.
348 4465 370 4524 1.
384 4465 462 4544 prol.
482 4466 728 4527 iucundissimus
750 4485 816 4527 cum
838 4467 869 4527 iu
890 4467 1002 4543 multis,
1024 4469 1086 4527 tum
1107 4467 1138 4527 iu
1160 4485 1197 4528 eo
1219 4469 1350 4526 maxima
1367 4469 1415 4526 est
1429 4466 1601 4525 litterarum
1624 4465 1752 4540 tructus,
1774 4465 1857 4540 quod
1879 4468 1936 4525 ete.
1963 4471 1981 4542 Η
2013 4469 2069 4524 tia

281 4561 331 4633 eo]
352 4563 389 4623 V.
409 4563 444 4622 Β.
465 4567 496 4623 ia
516 4565 571 4624 troc
599 4567 616 4635 Η
644 4567 769 4625 nondam
791 4573 819 4625 te
838 4569 953 4625 omniuo
973 4565 1121 4637 insanam]
1149 4565 1232 4625 Satis
1253 4567 1378 4625 incaute
1404 4569 1437 4624 et
1457 4563 1640 4624 insolentius
1662 4565 1790 4639 dictum3
1819 4580 1918 4639 neque
1940 4564 2068 4640 elegan-

280 4659 342 4720 tius
364 4663 421 4736 est,
443 4663 525 4738 quod
544 4663 626 4724 intra
648 4661 667 4734 S
689 4666 707 4722 3
729 4665 846 4740 scribit,
868 4667 895 4724 si
915 4668 995 4740 sapis
1017 4681 1095 4740 erqo.
1119 4661 1136 4730 ΙΙ
1167 4670 1224 4723 sut
1244 4663 1293 4722 titi
1314 4661 1503 4738 applaudant]
1527 4661 1565 4720 V.
1586 4660 1619 4720 Β.
1640 4679 1705 4721 cam
1726 4661 1903 4738 applaudunt
1926 4665 1944 4735 ΙΙ
1968 4659 2068 4740 equo]

281 4755 319 4816 V.
339 4756 374 4816 Β.
395 4775 468 4836 quor
497 4765 515 4837 Η
546 4761 749 4833 acuminibus]
771 4763 809 4821 V.
828 4761 863 4821 Β.
884 4763 940 4821 diis
970 4757 987 4826 ΙΙ
1017 4763 1177 4834 eiecerunt]
1200 4763 1288 4822 editt.
1308 4761 1456 4838 quasdam
1482 4764 1513 4822 in
1538 4763 1674 4838 margine
1700 4765 1846 4835 nutriunt·
1866 4761 1903 4820 V.
1924 4759 1958 4820 Β.
1978 4763 2069 4823 sedu-

281 4861 350 4915 cunt
377 4855 394 4926 ll
428 4862 539 4934 terapi
558 4859 683 4936 feceris]
704 4862 840 4921 Faciendi
860 4863 1043 4922 vocabulum
1057 4862 1210 4923 Caecilius
1230 4862 1346 4922 Balbus
1367 4860 1442 4920 alibi
1464 4875 1587 4936 qnoque
1607 4877 1664 4938 pro
1686 4860 1800 4920 iubendi
1819 4861 1955 4936 usurpat.
1987 4860 2069 4923 Vide

284 4971 363 5030 quae
383 4954 423 5014 de
444 4955 512 5017 eius
533 4957 670 5018 dictione
690 4960 722 5019 in
744 4963 880 5020 extrema
901 4960 992 5020 buius
1015 4962 1245 5022 dissertationis
1266 4963 1354 5038 parte
1376 4961 1606 5038 disputabimus.
1635 4957 1653 5027 ΙΙ
1687 4973 1717 5021 tt
1743 4955 1886 5036 iuteltiqit]
1908 4957 1944 5018 V.
1964 4959 1998 5019 Β.
2019 4963 2068 5020 iu·

283 5052 392 5129 tcltr'qut
422 5050 439 5120 ll
475 5053 764 5128 retentaculum
791 5075 855 5118 eurr
883 5060 901 5130 ΙΙ
930 5063 995 5136 qais
1008 5103 1016 5118 .
1031 5103 1039 5118 .
1054 5104 1061 5119 .
1076 5103 1084 5120 .
1098 5059 1256 5136 aequitas]
1280 5076 1337 5119 om.
1357 5059 1394 5118 V.
1416 5057 1450 5119 Β.
1479 5055 1496 5125 ll
1531 5057 1739 5129 ttoirititium]
1761 5059 1780 5117 i.
1802 5075 1830 5117 a.
1851 5057 2069 5136 imperatorum

282 5149 487 5211 Romanorum
513 5153 565 5227 qui
586 5153 647 5214 sibi
674 5154 797 5215 divinos
817 5155 954 5216 bonores
979 5156 1084 5217 offerri
1104 5158 1270 5234 patiuntur.
1299 5155 1317 5224 ll
1351 5163 1571 5220 ttrusteototur
1592 5155 1666 5227 eta]
1688 5162 1864 5215 sustentator
1884 5163 1911 5215 ot
1930 5156 2068 5216 bonorem

283 5251 332 5326 qui
344 5253 408 5310 istis
422 5252 580 5327 eusdem,
600 5256 656 5329 ipsi
669 5263 859 5316 remunerant
870 5257 907 5315 V.
923 5256 955 5315 Β.
982 5251 999 5323 ll
1026 5265 1098 5319 teat
1118 5264 1145 5316 te
1159 5299 1187 5318 ..
1204 5264 1274 5316 ..tc
1293 5253 1423 5326 docetis]
1444 5261 1474 5312 et
1485 5262 1512 5314 te
1525 5257 1642 5315 deorarm
1657 5253 1773 5314 docetis
1786 5251 1823 5313 V.
1836 5253 1871 5312 Β.
1893 5253 1910 5324 ΙΙ
1938 5267 1971 5318 ts
1982 5261 2068 5316 utro-

283 5362 404 5426 manquc
423 5347 496 5422 eta]
517 5349 554 5410 V.
568 5350 602 5410 Β.
617 5355 753 5412 iniurium
769 5355 877 5429 puniar
897 5361 1096 5434 samumque.
1123 5354 1268 5430 Sequitur
1288 5355 1376 5414 loeus
1392 5353 1516 5429 quidam
1532 5351 1658 5414 Guisrdi
1673 5351 1857 5413 Cancellarii
1872 5349 2067 5412 Parisiensis.

1794 5469 1834 5530 10
