4982 6280
1223 635 1470 706 ...68-

450 836 505 917 16,
532 834 571 904 d:
601 834 733 906 ohudio
758 835 947 916 Caesarem,
974 859 1051 905 cum
1076 833 1248 907 volumina
1273 835 1341 904 iam
1367 833 1547 904 coniecerit
1568 837 1862 936 ἀποφθεγμάτων»
1891 845 1953 907 etc.
1997 836 2138 919 Quintil.
2165 838 2239 907 inst.

445 971 527 1031 orat.
554 960 577 1030 l.
603 961 659 1030 Vl.
686 982 759 1051 cap.
786 958 808 1028 3
835 953 888 1048 (de
914 955 993 1050 risu)
1028 953 1054 1052 §
1082 961 1104 1030 5
1131 960 1215 1030 haec
1248 959 1377 1030 scribit:
1417 956 1639 1053 »Utinamqu'e
1672 961 1809 1032 libertus
1842 963 1913 1032 eius
1940 957 1974 1051 (i.
2002 985 2031 1032 e.
2059 955 2240 1052 Ciceronis)

444 1085 524 1155 'l'iro
550 1093 606 1155 aut
632 1085 727 1165 alius,
755 1084 904 1178 quisquis
930 1085 1002 1166 luit,
1029 1085 1086 1177 qui
1113 1085 1170 1155 tris
1197 1084 1260 1154 hac
1279 1084 1320 1154 de
1345 1106 1382 1154 re
1402 1083 1506 1154 libros
1533 1084 1646 1166 edidit,
1673 1085 1805 1178 parcius
1832 1085 1996 1156 dictorum
2023 1109 2162 1156 numero
2187 1084 2241 1154 in-

446 1210 623 1280 dulsissent
647 1219 680 1277 et
703 1209 777 1302 plus
804 1207 918 1278 iudicii
945 1209 979 1278 in
1006 1208 1169 1300 eligendis
1195 1230 1296 1300 quam
1323 1207 1358 1276 in
1385 1208 1606 1299 congerendis
1631 1209 1730 1279 studii
1757 1209 2007 1281 adhibuissent»
2036 1221 2098 1280 etc.
2144 1208 2240 1280 Adde

445 1334 592 1426 denique
619 1333 813 1404 Suetonium
845 1331 886 1402 de
918 1333 1036 1403 illustr.
1065 1353 1205 1422 gramm.
1232 1334 1296 1401 21:
1334 1330 1455 1401 »Caius
1480 1333 1644 1415 Melissus,
1679 1343 1715 1403 ut
1749 1333 1819 1426 ipse
1853 1333 1960 1414 tradit,
1995 1335 2240 1426 sexagesimum

445 1461 560 1530 aetatis
588 1481 712 1527 annum
738 1479 851 1548 agens,
878 1455 1009 1526 libellos
1036 1459 1244 1550 ineptiarum,
1272 1457 1331 1549 qui
1356 1479 1447 1527 nunc
1473 1459 1618 1528 locorum
1643 1459 1883 1540 inscribuntur,
1917 1481 2118 1552 componere
2145 1458 2241 1528 insti·

444 1585 507 1654 tuit
531 1582 737 1673 absolvitque
765 1591 898 1650 centum
925 1591 957 1649 et
983 1581 1238 1672 quinquaginta,
1265 1580 1385 1672 quihus
1412 1589 1444 1650 et
1470 1579 1551 1651 alios
1578 1579 1726 1652 diversos
1751 1593 1863 1676 postea
1889 1583 2049 1653 addidit.»

544 1732 605 1800 llis
630 1730 723 1799 libris
749 1727 934 1800 Caecilium
968 1751 1064 1796 usum
1100 1751 1171 1796 esse
1201 1728 1299 1798 lacile
1321 1701 1532 1799 'crediderim
1567 1730 1621 1801 vel
1652 1730 1740 1800 hanc
1771 1733 1814 1802 oh
1849 1755 1993 1814 causam,
2028 1731 2128 1824 quod,
2165 1757 2240 1803 cum

445 1858 645 1927 Graecorum
672 1855 869 1947 plerumque
896 1851 990 1921 dictis
1017 1852 1253 1942 sententiisque
1280 1851 1394 1921 referti
1420 1851 1485 1920 sint
1502 1875 1668 1944 nugarum
1695 1853 1784 1934 libri,
1812 1855 1945 1926 illorum
1972 1855 2132 1948 ipsorum,
2159 1878 2240 1949 quos

444 1981 542 2050 modo
567 1977 909 2058 commemoravimus,
932 1975 1077 2055 Catonis,
1096 1973 1257 2055 CaesariS,
1277 1973 1446 2044 Ciceronis
1471 1976 1635 2046 nonnulla
1658 1977 1746 2069 apud
1770 1977 1955 2048 Caecilium
1979 1979 2134 2069 leguntur
2160 2001 2241 2071 apo-

443 2104 668 2197 phthegmata.
708 2105 778 2175 Nec
805 2102 1023 2172 iniucundum
1044 2122 1123 2168 sane
1150 2111 1245 2183 esset,
1273 2100 1347 2170 illos
1372 2101 1473 2172 libros
1500 2102 1587 2172 inter
1606 2125 1641 2170 se
1666 2104 1818 2173 conterre
1843 2104 2121 2198 singulorumque
2142 2127 2241 2198 prae-

408 2215 414 2226 ’
444 2229 596 2298 stantiam
620 2229 823 2318 virtutesque
848 2227 986 2296 intense
1005 2248 1209 2318 comparare,
1237 2225 1417 2297 dummodo
1436 2238 1577 2298 aetatem
1602 2230 1768 2310 tulissent;
1794 2230 1852 2299 sed
1878 2229 2009 2300 honest
2034 2232 2155 2321 ipsum,
2182 2251 2241 2299 cnr

444 2352 609 2423 Caecilius
635 2352 781 2444 aliquem
809 2363 897 2420 certe
924 2349 987 2419 sihi
1013 2349 1158 2418 vindicat
1184 2351 1293 2420 locum
1321 2351 1355 2419 in
1382 2349 1522 2421 historia
1558 2352 1743 2422 litterarum
1771 2353 2009 2435 Romanarum,
2035 2353 2130 2447 quasi
2157 2375 2240 2422 onus

443 2475 486 2546 de
512 2477 625 2547 multis
653 2485 817 2567 superstes
843 2485 953 2543 tantae
979 2473 1078 2544 cladi.

541 2628 612 2697 lam
638 2635 674 2697 ut
699 2649 718 2696 a
745 2627 902 2696 Romanis
928 2625 1143 2718 scriptoribus
1170 2625 1301 2696 dicendi
1328 2627 1496 2720 principia
1522 2630 1702 2721 capiamus,
1730 2629 1919 2700 Cicerone
1953 2628 2098 2723 primum
2125 2638 2241 2697 tenea-

442 2775 517 2824 mus
543 2753 727 2824 Caecilium
762 2774 857 2822 usum
892 2773 974 2832 esse,
1009 2751 1110 2844 quod·
1133 2774 1233 2844 snpra
1268 2773 1323 2845 pg.
1350 2755 1372 2823 6
1400 2766 1433 2823 et
1459 2775 1514 2846 pg.
1543 2751 1590 2821 37
1616 2752 1873 2823 demonstratum
1901 2763 1966 2833 est;
2004 2753 2046 2823 de
2076 2751 2240 2823 Valerio

442 2877 609 2947 blaximo
642 2877 758 2947 monui
793 2876 835 2946 ad
860 2877 951 2946 hlon.
977 2876 1003 2955 l,
1034 2876 1078 2943 12
1106 2887 1138 2944 et
1162 2877 1281 2956 xxvi,
1311 2878 1348 2956 t;
1384 2878 1561 2946 Senecae
1597 2887 1684 2956 snut,
1720 2898 1805 2967 quae
1839 2877 1996 2966 leguntur
2028 2873 2125 2946 Lind.
2152 2866 2178 2964 ὅ
2204 2873 2238 2957 3,

441 2985 517 3070 Phr.
553 2999 601 3069 84
636 3010 668 3068 et
700 3000 762 3081 85,
796 2999 916 3092 quibus
950 2997 1117 3068 addiderit
1148 3000 1231 3068 torte
1265 2999 1430 3093 quispiam
1465 2999 1582 3070 breves
1616 2997 1690 3068 illas
1725 2981 1903 3069 sententias
1936 3003 2027 3071 Mon.
2063 3001 2091 3082 l,
2127 3000 2174 3068 29
2208 3007 2242 3067 et

443 3125 591 3207 XLVlll,
614 3125 670 3206 ll,
697 3146 786 3216 qnae
808 3125 909 3214 vulgo
936 3123 1022 3192 inter
1045 3124 1192 3194 Senecae
1219 3124 1395 3217 proverbia
1421 3123 1614 3193 edebantur.
1653 3122 1779 3192 Verum
1806 3145 1849 3192 ex
1874 3121 1937 3203 his,
1964 3121 2043 3191 licet
2066 3123 2131 3190 sint
2156 3145 2241 3213 pau-

444 3246 588 3329 cissima,
616 3247 797 3317 Caecilium
823 3248 1021 3341 plerumque
1048 3247 1205 3316 liomanis
1231 3247 1432 3327 auctoribus,
1459 3246 1566 3317 rarius
1586 3246 1721 3317 Graccis
1745 3269 1843 3317 usum
1862 3269 1932 3316 esse
1951 3245 2049 3316 lacilc
2067 3246 2239 3316 evincitur.

443 3371 529 3440 Nam
556 3371 590 3439 in
615 3370 800 3472 referendis
827 3365 1002 3460 Socratis')
1029 3383 1061 3440 et
1086 3371 1282 3440 Xenocratis
1309 3369 1597 3462 apophthegmatis
1625 3380 1754 3440 secutus
1782 3380 1831 3438 est
1848 3370 2019 3440 Valerium
2042 3370 2239 3453 hlaximum,

444 3517 518 3564 cum
553 3495 644 3589 prius
675 3496 802 3566 referre
827 3506 937 3588 posset
970 3519 1012 3564 ex
1037 3495 1174 3565 Platone
1209 3495 1262 3564 vel
1289 3492 1527 3586 Xenophonte;
1548 3517 1650 3588 ‘quae
1685 3494 1726 3564 de
1751 3494 1887 3564 Duellio
1918 3504 2040 3576 narrat,
2077 3494 2241 3587 descripta

443 3631 520 3691 sunt
545 3643 587 3689 ex
613 3621 750 3702 Seneca,
778 3643 854 3689 cum
880 3617 996 3688 eadem
1023 3620 1177 3710 legantur
1203 3642 1335 3712 quoque
1362 3619 1450 3712 apud
1467 3619 1679 3689 Aristotelem
1707 3613 1810 3709 (Stoh.
1830 3617 1903 3688 [lor.
1923 3619 1956 3699 5,
1976 3614 2036 3709 83)
2053 3620 2240 3689 Lucienum

443 3745 595 3814 Hermot.
622 3768 651 3813 c.
679 3742 743 3825 33,
779 3743 863 3812 Plut.
898 3743 940 3812 de
973 3743 1137 3836 capienda
1171 3767 1213 3812 ex
1245 3743 1338 3812 inim.
1374 3743 1512 3812 utilitate
1545 3767 1575 3812 c.
1608 3747 1632 3814 7
1666 3754 1699 3813 et
1732 3744 1765 3812 in
1798 3743 2036 3837 apophthegm.
2088 3745 2182 3814 Hier.
2216 3742 2239 3813 3

443 3860 608 3956 (Tzetaem
635 3867 722 3939 Chil.
751 3867 808 3937 lib.
834 3869 924 3950 Xlll,
951 3867 1037 3950 485,
1064 3868 1121 3960 qui
1146 3867 1361 3938 Plutarchum
1387 3879 1518 3938 secutus
1545 3867 1604 3958 est)
1638 3880 1761 3939 mutato
1787 3869 1924 3961 quidem
1950 3869 2078 3938 Duellii
2102 3867 2239 3938 nomine

444 3993 479 4061 in
505 3993 632 4063 Gelonis
666 3994 719 4063 vel
744 3993 906 4064 Hieronis.
957 3994 981 4063 l.
1011 3994 1084 4062 Sar.
1111 3993 1258 4085 denique
1291 3993 1394 4062 verba
1429 3967 1583 4062 Pot'ltl.
1620 3991 1677 4074 14,
1716 3989 1761 4062 17
1795 3993 1837 4062 ad
1869 3993 2065 4064 Suetonium
2101 4003 2134 4062 et
2166 3995 2241 4064 hla-

444 4117 594 4186 crohium
620 4117 770 4211 proxime
797 4117 969 4196 accedunt,
1004 4116 1162 4186 differunt
1195 4115 1370 4208 paululum
1396 4139 1415 4185 a
1440 4117 1549 4186 Dione
1580 4116 1693 4187 Cassio
1720 4115 1780 4198 43,
1807 4115 1870 4186 43ε
1909 4119 1957 4194 To*
1983 4117 2017 4194 δ’
2038 4119 2095 4194 οὖν
2125 4127 2240 4210 χαῦνον

441 4235 504 4301 τοῦ
523 4224 670 4318 ζῶματος
690 4226 794 4303 αὐτοῦ
814 4227 834 4302 c‘
853 4234 911 4319 μὲν
931 4225 1056 4312 Σύλλας
1081 4223 1292 4320 ὐπετόπησεν,
1313 4227 1398 4298 ὥστε
1418 4233 1472 4298 καὶ
1492 4223 1680 4301 ἀποκτεῖναι
1699 4222 1798 4299 αὐτόν
1818 4231 1983 4322 ἐθελῆσαι,
2008 4237 2079 4310 τοῖς
2099 4231 2136 4299 δὲ
2154 4231 2240 4313 ἐξαν

442 4339 632 4448 τῃσαμένοις
652 4335 739 4410 εἶπεν
760 4339 914 4420 (εἶπεῖνῖ)
935 4337 1000 4408 ὅτι·
1020 4331 1097 4426 Ἐγώ
1116 4339 1173 4424 μὲν
1186 4343 1362 4428 χαριοῦμαι
1382 4341 1498 4407 τοῦτον
1519 4333 1601 4424 ὑμῖν,
1626 4333 1718 4425 ὖμεῒς
1741 4339 1850 4423 μέντοι
1869 4341 1922 4408 καὶ
1944 4331 2027 4407 πάνυ
2048 4341 2164 4408 τοῦτον
2183 4329 2240 4407 coh

442 4447 549 4526 κακῶς
568 4439 759 4533 ζωννύμενον
780 4441 997 4539 φυλάττεσθε.
1038 4441 1072 4516 ‘0
1092 4447 1129 4514 δὲ
1150 4445 1296 4534 Κικέρων
1316 4440 1359 4514 ου’
1379 4439 1571 4538 συνενόησεν,
1592 4439 1674 4514 ἄλλά
1694 4445 1748 4514 καὶ
1769 4447 1906 4536 σφαλεὶς
1928 4443 2006 4539 ἔφη,
2028 4445 2090 4515 b'cc'
2115 4437 2180 4516 Οὔκ
2201 4441 2240 4516 ἄν

443 4577 525 4621 ποτε
544 4545 772 4642 προσεδόκησα
790 4547 849 4622 cdv
868 4555 974 4632 κακῶς
994 4547 1080 4622 οὕτω
1101 4546 1293 4638 ζωννύμενον
1312 4553 1491 4646 Πομπηίου
1513 4545 1688 4646 κρατήσειν.

543 4693 595 4763 De
630 4691 820 4762 Suetonio
855 4701 887 4761 et
920 4691 1129 4762 Macrohio
1161 4679 1284 4763 dictum
1320 4703 1369 4762 est
1399 4715 1497 4786 supra
1523 4717 1579 4788 pg.
1608 4694 1654 4764 46
1680 4715 1772 4787 seqq.
1824 4695 2060 4786 Eutropium
2095 4694 2239 4788 respexit

444 4814 580 4907 quidem
606 4817 633 4884 l.
660 4816 736 4890 Sar.
758 4817 827 4886 Pol.
853 4818 911 4887 lll.
938 4813 995 4896 14,
1015 4814 1081 4894 43;
1109 4839 1225 4886 verum
1251 4816 1309 4886 illa
1335 4817 1397 4910 ipsi
1422 4818 1584 4910 Eutropio
1610 4818 1718 4901 dehet,
1745 4841 1812 4888 non
1840 4817 1987 4888 Caecilio
2011 4819 2130 4902 Balbo,
2156 4819 2241 4888 sicut

354 4953 359 4964 ·
445 4939 556 5022 etiam,
583 4939 618 5010 id
642 4940 731 5032 quod
758 4963 832 5010 sero
856 4941 936 5025 vidi,
963 4965 1006 5012 ex
1030 4943 1144 5012 Front.
1171 4952 1260 5013 strat.
1282 4944 1338 5013 tv.
1358 4945 1393 5024 7,
1413 4943 1489 5012 4.5
1516 4943 1700 5035 descriptae
1726 4953 1802 5014 sunt
1828 4943 1977 5013 eiusdem
2005 4943 2119 5036 capitis
2145 4935 2171 5034 ὃ
2193 4941 2238 5013 14

445 5071 478 5132 et
498 5061 555 5134 15.
594 5065 770 5136 Ausonio
795 5063 941 5157 denique
967 5065 1136 5135 tribuendi
1161 5076 1247 5148 sunt,
1274 5067 1332 5160 qui
1350 5088 1462 5158 versus
1489 5066 1645 5158 leguntur
1661 5065 1760 5136 hind.
1777 5058 1803 5156 §
1823 5070 1856 5148 7,
1880 5057 1954 5156 (cir.
1974 5069 2055 5137 Ans.
2074 5065 2180 5160 epigr.
2200 5057 2237 5156 8)

524 5347 560 5426 ')
581 5352 725 5425 Socratis]
748 5349 800 5415 Sic
819 5360 906 5417 recte
921 5356 973 5416 W.
988 5355 1071 5418 Bnrl.
1094 5355 1134 5415 ad
1154 5355 1234 5416 blon.
1249 5353 1272 5432 1,
1297 5356 1336 5415 12
1357 5355 1481 5432 citatns3
1502 5355 1599 5433 ipsius
1621 5355 1740 5432 codicis
1761 5355 1842 5417 Mon.
1864 5357 2018 5434 scriptura
2035 5354 2237 5415 Demenondcr

445 5449 520 5514 dicit
540 5453 622 5516 hand
643 5453 736 5516 dubie
756 5457 903 5533 corrupta
923 5457 981 5516 est.
