4982 6280
1298 482 1338 582 5

1205 617 1452 685 ..22-

895 815 987 884 uides
1049 814 1271 905 interrogatus
1320 836 1341 882 a
1391 812 1561 904 quodam,
1621 811 1906 905 quemadmodum
1971 813 2100 885 invidos
2158 836 2226 924 nou

895 938 1051 1021 haberet,
1090 939 1126 1008 Si
1162 937 1262 1020 nihil,
1300 938 1422 1030 inquit,
1462 960 1505 1007 ex
1543 937 1672 1028 magnis
1709 937 1809 1008 rebus
1847 935 2005 1008 habueris
2043 947 2101 1008 aut
2136 937 2328 1010 55551555.

845 1079 870 1132 5.
895 1063 1041 1133 feliciter
1065 1061 1217 1153 gesseris.
1751 1061 1894 1131 Socrates
1920 1063 2028 1132 dicit:

895 1188 1023 1280 Dignos
1050 1209 1120 1256 esse
1139 1185 1279 1265 invidos,
1298 1186 1376 1284 qui,
1402 1184 1430 1254 si
1449 1185 1522 1255 fieri
1543 1195 1664 1278 posset,
1691 1185 1726 1254 in
1743 1185 1898 1258 omnihus
1923 1187 2108 1257 civitatibus
2129 1208 2227 1258 aures

895 1311 950 1382 vel
975 1311 1088 1382 oculos
1114 1311 1288 1394 haberent,
1315 1323 1352 1382 ut
1376 1312 1417 1383 de
1443 1312 1594 1381 omnium
1622 1311 1824 1404 profectibus
1850 1322 2094 1404 torquerentur.

846 1447 871 1500 5.
896 1435 1030 1518 Quanta
1046 1435 1194 1506 felicium
1213 1435 1388 1506 hominum
1405 1433 1528 1526 gaudia
1546 1443 1632 1517 sunt,
1650 1446 1757 1504 tantos
1776 1434 1964 1505 invidorum
1980 1435 2124 1525 gemitus
2141 1457 2222 1504 esse.

549 1571 576 1624 a
609 1570 660 1626 XL
676 1563 993 1640 55555515ίά55.
1020 1561 1176 1631 Felicitas
1189 1559 1338 1632 subiecta
1350 1570 1399 1628 est
1412 1581 1546 1652 semper
1559 1559 1718 1630 invidiae.
1744 1559 1796 1629 Dc
1806 1561 1960 1652 poscitote
1972 1558 2116 1652 Epomiu
2129 1558 2225 1629 dicit.

846 1701 870 1750 1.
895 1684 979 1755 Cum
1005 1707 1066 1756 rex
1090 1687 1268 1754 Persarum
1293 1705 1453 1776 magnam
1478 1682 1529 1752 ilii
1553 1683 1733 1775 pecuniam
1763 1692 1927 1776 temptans
1958 1683 2030 1754 eius

894 1807 1046 1877 animum
1086 1807 1122 1878 in
1163 1807 1385 1901 proditionem
1428 1806 1605 1899 dirigeret,
1648 1805 1776 1877 admitti
1817 1808 1945 1897 legatos
1995 1807 2107 1889 iussit,
2150 1826 2226 1875 cum

848 1995 858 2010 ,
894 1933 979 2003 sorte
1025 1932 1129 2002 olivas
1176 1942 1209 2001 et
1250 1953 1382 2002 caseum
1433 1930 1643 2001 comederet:
1692 1929 1863 2012 admissis,
1913 1931 2059 2020 Audite,
2107 1928 2225 2022 inquit,

845 2068 869 2120 5.
894 2055 1059 2150 numquid
1093 2055 1157 2126 hoc
1187 2055 1362 2146 prandium
1396 2055 1598 2147 proditorem
1628 2055 1733 2125 taciti
1932 2054 2076 2124 Socrates

893 2202 970 2250 cum
987 2178 1133 2273 hospites
1158 2202 1238 2252 suos
1255 2180 1332 2250 satis
1351 2181 1442 2250 tenui
1468 2202 1571 2264 caeno
1596 2179 1768 2272 suscipere
1786 2190 1931 2280 pararet,
1957 2191 1992 2249 ct
2009 2181 2136 2249 amicus
2154 2180 2225 2250 eius

893 2304 1115 2398 vituperaret,
1157 2303 1348 2397 respondit:
1387 2305 1422 2375 Si
1461 2303 1542 2374 boni
1579 2303 1643 2374 viri
1681 2313 1773 2384 sunt,
1817 2305 2060 2397 aequanimiter
2098 2303 2225 2382 ferent3

844 2441 868 2492 5.
894 2426 922 2496 si
956 2425 1046 2508 mali,
1080 2450 1147 2497 non
1174 2425 1374 2497 curabimus.
1428 2428 1462 2497 Si
1488 2449 1542 2496 res
1568 2436 1625 2496 tua
1651 2425 1712 2498 tihi
1744 2449 1813 2512 pou
1839 2427 1971 2509 sufficit,
1998 2439 2034 2497 tu
2059 2426 2225 2520 parcendo

843 2567 869 2620 t.
894 2550 958 2632 iac,
983 2550 1034 2619 rei
1059 2559 1096 2621 ut
1121 2549 1267 2620 sufficias
1294 2559 1381 2621 tuae.
1687 2552 1884 2643 5515595555
1909 2553 2012 2621 dicit:
2090 2545 2223 2640 [damno

894 2675 1057 2748 Convenit
1080 2675 1275 2768 parcitatem
1301 2676 1397 2768 sequi
1423 2675 1456 2744 in
1483 2684 1551 2759 too,
1584 2698 1685 2769 quam
1719 2676 1834 2746 luxum
1867 2676 1902 2744 in
1928 2676 2039 2745 alieno
2065 2675 2221 2768 suscipias

551 2815 576 2867 ο.
608 2813 672 2868 xii
692 2815 734 2868 De
750 2817 867 2868 55555
893 2799 1037 2870 Parcitus
1050 2801 1279 2871 necessitatum
1293 2802 1479 2872 remedium
1492 2815 1541 2872 est
1554 2815 1586 2872 et
1596 2801 1763 2873 medicina
1771 2801 1980 2872 damnorum.
2006 2802 2058 2871 De
2073 2802 2224 2872 555555.

430 3031 679 3104 Drscnsnanrm
704 3034 841 3105 Conrcrs
866 3034 1098 3104 Monacnusrs:
1126 3030 1186 3101 85.
1204 3031 1238 3102 5.
1278 3033 1298 3105 7
1326 3035 1401 3103 Post
1426 3035 1492 3102 eius
1517 3031 1694 3103 duodecim
1719 3033 1789 3103 iere
1807 3033 1935 3102 litterae
1962 2999 2163 3102 erasoesunt.
2194 3028 2212 3110 ΙΙ

864 3157 1090 3249 8prodr'tiouc
1126 3145 1143 3227 ίΙ
1184 3157 1227 3225 13
1255 3155 1409 3226 curabunt
1444 3147 1462 3230 ΙΙ
1502 3153 1546 3226 15
1568 3159 1735 3249 pitagorae
1770 3146 1789 3230 ΙΙ

512 3455 568 3518 85.
589 3457 620 3517 5.
664 3457 702 3534 Χ,
724 3459 752 3518 2.
793 3457 831 3518 V.
852 3457 887 3518 B.
908 3477 953 3538 sp.
974 3477 1011 3520 m.
1035 3462 1063 3536 3,
1084 3462 1111 3537 t,
1135 3465 1167 3522 t:
1199 3460 1369 3532 ,855555
1410 3463 1531 3522 Utinam
1551 3461 1650 3522 invidi
1670 3462 1701 3521 io
1723 3461 1862 3521 omnihus
1884 3459 2062 3520 civitatibus
2083 3475 2174 3520 aures
2196 3465 2225 3518 ct

430 3555 538 3618 oculus
554 3555 627 3616 555.
642 3559 676 3617 51
693 3557 732 3617 55
747 3557 877 3618 omuibus
891 3575 921 3636 p.
936 3555 965 3616 t.¹
997 3554 1014 3626 ΙΙ
1041 3559 1079 3634 X,
1095 3561 1121 3619 2.
1136 3561 1163 3618 3.
1189 3558 1243 3618 W.
1257 3559 1292 3619 Β.
1306 3559 1392 3620 Socr.
1412 3559 1562 3621 Felicitas
1576 3577 1698 3638 semper
1712 3559 1852 3618 subiecta
1863 3561 1913 3618 est
1925 3556 2224 3632 invidiae....i)igni

429 3657 552 3715 autem
572 3655 669 3715 invidi
690 3659 769 3732 sunt,
792 3657 853 3733 qui,
875 3657 904 3717 si
925 3656 946 3718 i.
966 3675 995 3736 p.
1017 3658 1050 3717 in
1071 3675 1100 3719 ο.
1121 3675 1149 3718 ο.
1169 3675 1197 3718 5.
1218 3665 1246 3718 et
1266 3676 1294 3720 ο.
1314 3659 1345 3718 5.
1366 3662 1399 3719 55
1420 3661 1460 3720 de
1480 3660 1611 3720 omuibus
1631 3675 1660 3736 p.
1682 3661 1703 3718 t.
1745 3657 1862 3725 Quurrta
1883 3656 1982 3715 euim
2002 3653 2141 3714 felicium
2161 3653 2222 3714 5ο-

429 3753 541 3814 minum
562 3755 774 3832 cunigundis,
801 3755 881 3815 tanti
905 3755 1080 3816 invidorum
1098 3757 1241 3834 gemitus.
1291 3752 1308 3822 ΙΙ
1355 3757 1393 3834 Χ,
1416 3745 1443 3817 d.
1484 3758 1522 3816 V.
1543 3755 1578 3816 B.
1604 3773 1650 3834 sp.
1670 3756 1701 3816 5.
1723 3757 1750 3832 3,
1772 3757 1812 3815 58
1834 3757 1866 3814 55
1886 3772 1932 3832 sp.
1953 3754 1981 3813 d.
2004 3756 2031 3828 5,
2054 3753 2109 3812 75:
2137 3751 2222 3813 Scor

428 3851 462 3910 F.
484 3869 651 3930 sempers.
674 3854 724 3912 est
744 3853 885 3913 55555515.
916 3852 1020 3915 W..B
1041 3854 1127 3914 Socr.
1147 3853 1181 3916 F.
1203 3871 1372 3968 sempors
1394 3872 1421 3915 5.
1443 3856 1462 3915 i.
1485 3857 1553 3916 sola
1575 3873 1651 3932 crgo
1673 3853 1801 3914 miseria
1821 3851 1938 3912 invidia
1959 3859 2053 3911 55555.
2081 3856 2099 3926 ΙΙ
2128 3849 2223 3927 5551.

430 3946 491 4008 cfr.
512 3949 587 4028 Nep.
608 3947 764 4058 Epami.
794 3950 873 4011 Prot.
887 3950 963 4065 555.
987 3955 1038 4012 13:
1052 3944 1154 4034 Ὅπερ
1176 3973 1238 4036 γαρ
1260 3944 1393 4037 ὕστερον
1411 3938 1698 4032 Ἐπαμινοίνδαν’
1667 3956 1770 4018 erneis
1789 3947 1933 4064 Ιλέγουσιν
1953 3946 2070 4016 daci*
2029 3973 2087 4036 της
2107 3943 2224 4015 εαυτοῦ

428 4039 602 4131 τραπέζης,
629 4035 675 4121 οίς
694 4067 733 4111 το
754 4045 903 4111 τοιοῦτον
928 4039 1062 4134 ἄριστον
1082 4071 1119 4114 ου
1141 4071 1239 4132 perper
1226 4045 1449 4133 προδοσίαν,
1469 4049 1567 4114 τοῦτο
1588 4050 1723 4136 πρῶτος
1742 4039 1853 4137 ἐνόησε
1871 4047 2077 4135 Λυκοῦργος,
2097 4071 2124 4110 κ.
2145 4069 2173 4111 τ.
2195 4045 2222 4110 ί..

428 4145 533 4206 155555.
559 4147 706 4225 apophth.
731 4165 790 4226 reg
826 4151 858 4210 55
883 4150 1022 4227 imperat
1049 4168 1073 4210 s.
1100 4168 1129 4210 v.
1150 4147 1287 4226 Epamin
1314 4153 1361 4210 15.
1402 4150 1526 4211 Aeliani
1551 4167 1616 4210 var.
1637 4150 1761 4227 55555,
1783 4153 1811 4210 5.
1851 4149 1983 4210 Uberius
2013 4165 2078 4208 rem
2099 4149 2224 4208 enamat

429 4243 516 4306 stou.
539 4245 628 4306 dorii,
651 4249 679 4322 5,
693 4248 744 4308 58.
775 4246 829 4308 W.
843 4247 878 4306 Β.
893 4265 918 4308 s.
932 4267 961 4308 v.
975 4244 1237 4325 Epimenides.
1259 4247 1332 4308 Gom
1353 4267 1410 4308 rex
1424 4248 1457 4307 P.
1475 4267 1614 4327 magnam
1635 4248 1684 4309 illi
1703 4251 1861 4328 pecuniam
1883 4250 1904 4308 5.
1924 4265 1951 4308 5.
1967 4263 1993 4307 5.
2009 4247 2048 4306 dc
2067 4247 2224 4324 proditio·-

428 4341 519 4402 nibus
540 4341 700 4420 dirigeret,
723 4345 790 4405 51.
812 4345 906 4405 iubet.
945 4344 1069 4422 Audite,
1089 4347 1198 4423 inquit,
1218 4345 1281 4406 555
1301 4346 1462 4424 prandium
1481 4348 1678 4424 proditiones
1699 4346 1828 4408 faciti
1796 4344 1845 4418 (5)
1885 4346 1970 4407 idom
1992 4346 2105 4421 oiebai,
2125 4361 2223 4423 pecu-1

428 4440 508 4500 uioru
531 4456 630 4501 avaro
655 4443 846 4520 supplicium,
871 4443 994 4505 liberali
1016 4443 1120 4519 decus,
1146 4444 1315 4560 pericpium
1340 4445 1502 4521 proditori.
1539 4443 1556 4516 ΙΙ
1598 4444 1752 4517 saucies]
1779 4447 1894 4506 Videte?
1913 4447 2028 4505 Dicite?
2066 4448 2084 4519 Η
2120 4443 2172 4519 XI,
2194 4445 2222 4501 3.

427 4539 517 4616 Βίος.
543 4537 576 4599 5.
602 4543 631 4618 2,
657 4543 685 4616 5,
712 4542 751 4601 35
778 4541 817 4601 55
844 4540 986 4604 Socrate:
1019 4536 1212 4616 Kuitoug'
1194 4536 1250 4604 επὶ
1276 4540 1404 4607 δεῖπνον
1428 4537 1619 4621 πλουσίους,
1646 4540 1700 4604 καὶ
1726 4538 1784 4628 τῆς
1808 4537 2006 4626 Ξανθίππης
2034 4488 2224 4624 αἰδουμένης

430 4629 507 4724 ἔφη,
531 4627 675 4722 Θαρροι
687 4659 718 4703 sc
708 4627 854 4720 ’μὲν
813 4661 874 4724 γαρ
889 4631 1001 4704 eisv'
962 4661 1097 4726 μετριοι,
1119 4633 1457 4726 συμπεριενεχθεῖεν”
1434 4651 1482 4706 αν
1496 4635 1575 4705 εἰδὲ
1596 4631 1772 4728 φαῦλοι,
1751 4643 1827 4727 ημῖν
1847 4630 1954 4704 ου’ταῖν
1975 4627 2068 4704 ουδὲν
2087 4626 2222 4724 μελησει.

428 4735 502 4796 Ant.
523 4739 555 4796 55
574 4737 654 4798 Max.
677 4740 756 4798 sent
778 4756 807 4816 p.
828 4739 868 4798 56
889 4738 963 4800 Feb.
983 4733 1232 4856 Ξανθίππης
1202 4728 1367 4823 „conprimi
1386 4761 1433 4821 τῳ
1421 4729 1594 4822 ”drdpi
1576 4729 1790 4826 επιτιμοίσης,
1819 4728 1907 4802 διότι
1925 4736 2024 4812 λιτοῖς
2047 4755 2224 4848 παρεσηευ·

429 4821 522 4910 α’ζετο
543 4823 774 4913 ὐποδέξασθαι
794 4830 924 4952 ηνίλους,
949 4827 1051 4901 εἶπεν·
1070 4831 1177 4916 εἰμὲν
1197 4825 1379 4948 ημέτεηοι
1399 4837 1451 4907 (Β.
1472 4837 1505 4898 5.
1526 4831 1669 4920 μέτριοι)
1690 4833 1784 4916 εἰσίν,
1807 4825 1941 4901 ουδὲν’
1923 4831 2055 4912 εκείνοις
2079 4822 2224 4922 μελήσει·

428 4925 459 4995 εί
482 4927 519 4996 δὲ
543 4919 757 5016 ἀλλότριοι,
790 4921 865 5019 ημῖν
891 4931 968 5018 περὶ
993 4925 1100 4998 adroic
1125 4921 1218 4998 οσδὲν
1244 4922 1381 5022 μελήσει.
1424 4935 1477 4995 W.
1501 4936 1536 4996 B.
1562 4935 1648 4997 Scor.
1691 4936 1764 4997 cum
1790 4935 1875 4998 Socr.
1902 4936 2052 5012 quosdam
2079 4935 2222 5013 hospites

430 5046 533 5092 suos.
615 5033 709 5094 ‚eins
730 5033 794 5093 hoo
815 5033 864 5094 illi
884 5034 1047 5108 intimaret,
1070 5035 1125 5094 eit:
1153 5033 1186 5094 Si
1206 5035 1280 5096 boni
1308 5037 1386 5114 5555,
1407 5051 1437 5096 5
1456 5034 1478 5094 i.
1499 5037 1527 5095 si
1548 5035 1629 5111 mali,
1656 5051 1716 5096 nun
1745 5019 2078 5098 555555555511
2113 5033 2173 5111 XI,
2194 5033 2221 5092 3.

428 5127 482 5189 W.
502 5127 537 5189 B.
558 5128 644 5192 Socr.
685 5130 898 5210 Interrogatus
922 5149 942 5191 a
967 5132 1132 5208 quodam
1123 5149 1225 5211 inope,
1253 5131 1326 5208 quid
1353 5147 1447 5208 agere
1473 5133 1585 5194 debeat
1610 5149 1708 5212 panca
1731 5133 1851 5194 habens
1876 5135 1909 5192 55
1935 5131 2039 5192 multis
2070 5131 2223 5208 indigens,

429 5227 487 5288 ait:
509 5227 630 5290 Si...
652 5233 828 5308 ‚inparue
849 5230 985 5293 vivendo
1006 5230 1065 5307 fao,
1087 5233 1121 5292 55
1141 5233 1189 5291 rei
1214 5233 1285 5292 5555
1315 5231 1384 5309 ipso
1410 5229 1556 5291 sufficias.
1604 5233 1621 5305 tl
1671 5231 1730 5308 Xi,
1757 5232 1784 5290 5.
1810 5233 1838 5291 5.
1879 5229 1932 5289 W.
1961 5229 1994 5288 B.
2020 5229 2222 5291 Democritus

428 5325 525 5388 Huius
546 5328 607 5388 555
627 5327 752 5390 fuerunt
772 5331 957 5392 sententies·
981 5327 1218 5391 convenientius
1245 5332 1303 5406 cst,
1329 5333 1363 5390 ut
1382 5329 1564 5407 parcitatem
1584 5346 1694 5392 serves
1715 5331 1747 5390 in
1767 5333 1879 5392 555..
1901 5329 2099 5406 ...dompno
2140 5326 2221 5387 Par·

429 5425 508 5488 citas
528 5427 726 5490 necessitatis
746 5430 916 5491 remedium
937 5431 987 5491 est
1007 5430 1040 5490 55
1058 5429 1209 5489 medicina
1230 5428 1394 5491 multorum
1416 5427 1624 5506 dampnorum.

2259 1455 2275 1505 5

2242 2075 2275 2126 10

2240 2689 2273 2739 15
