4982 6280
1176 571 1423 644 „sq-

403 769 439 842 in
463 767 753 862 Lindenbrogiano
779 768 891 842 codice
915 769 1098 864 praemissa
1121 769 1188 840 sint
1211 769 1313 844 rerba
1344 772 1465 842 &mese
1493 767 1683 865 fresnel:
1717 773 1861 856 tertium,
1887 775 1977 868 qnod
2004 774 2190 848 Caecilium

404 896 553 970 Ausonio
585 917 682 968 nsum
716 915 788 966 csse
825 895 898 966 aliis
933 897 1096 990 exemplis
1132 895 1269 989 prohari
1306 908 1461 990 nequeat
1513 897 1599 968 Nam
1630 919 1707 968 cum
1740 919 1817 968 enm
1852 897 2025 982 Cicerone,
2057 899 2195 971 Valerio

403 1019 562 1104 Maximo,
588 1020 715 1090 Seneca
731 1017 912 1090 certissime
936 1041 1033 1090 usum
1060 1041 1132 1090 esse
1148 1021 1300 1112 pluribus
1326 1021 1408 1094 locis
1425 1021 1532 1092 allatis
1554 1022 1882 1115 comprobaverimus
1906 1017 1996 1118 (pag.
2015 1024 2063 1099 68
2080 1019 2194 1116 med),

403 1142 478 1215 aliis
504 1141 668 1214 Caecilius
693 1142 769 1213 illos
792 1142 977 1234 respexisse
1002 1141 1164 1226 videatur,
1190 1137 1263 1233 (cfr.
1290 1144 1333 1217 ad
1358 1145 1455 1218 Lind.
1479 1147 1505 1216 7
1529 1167 1606 1238 pag.
1636 1146 1682 1216 ld
1707 1157 1791 1218 extr.
1819 1157 1852 1220 et
1883 1147 1926 1220 ad
1950 1151 2009 1221 W.
2035 1149 2075 1219 B.
2101 1149 2193 1220 Socr.

405 1267 428 1339 o
453 1289 533 1361 pag.
559 1260 619 1357 59)
645 1288 685 1336 ea
711 1265 848 1338 Caecilii
872 1267 957 1352 loca,
983 1289 1068 1360 qnae
1093 1290 1171 1360 pag.
1198 1268 1246 1340 58
1273 1268 1490 1361 enotarimns,

430 1393 489 1465 W.
514 1391 554 1461 B.
582 1390 700 1462 Biante
727 1391 764 1462 8:
797 1391 1020 1484 Interrogatus
1045 1390 1134 1474 Bias,
1160 1391 1241 1485 qnid
1266 1393 1367 1462 sitin
1393 1392 1457 1466 hae
1481 1393 1548 1466 vita
1573 1395 1749 1488 optimum,
1782 1395 1847 1466 ait:
1878 1397 1973 1468 Mens
1999 1394 2062 1468 sibi
2087 1395 2194 1468 bonae

527 1514 733 1586 rectitudinis
758 1514 901 1584 conscia.

430 1638 512 1709 Ans.
537 1637 672 1708 Biante:
698 1635 875 1720 Quaenam
901 1658 1032 1708 summa
1056 1636 1160 1708 boni?
1185 1658 1292 1720 mens,
1318 1659 1405 1731 qnae
1429 1635 1495 1708 sihi
1519 1636 1651 1709 conscia
1675 1638 1769 1710 recti.
1828 1651 1830 1658 ·

430 1763 490 1836 W.
515 1763 554 1833 B.
576 1760 694 1832 Cleob.
721 1763 762 1831 2ε
789 1761 922 1845 Quanto
946 1761 1023 1856 plns
1047 1761 1135 1844 licet,
1163 1768 1252 1830 tanto
1278 1759 1380 1830 libent
1405 1760 1526 1831 minna.

430 1885 512 1956 Ans.
538 1885 653 1957 Cleob.
704 1886 837 1969 Quanto
862 1885 936 1979 plns
961 1885 1071 1967 liceat,
1096 1892 1164 1954 tam
1188 1883 1291 1954 liheat
1315 1883 1439 1954 minue.

429 2011 488 2082 W.
514 2011 552 2080 B.
577 2009 716 2105 Pythag.
742 2008 780 2080 lt:
806 2009 916 2102 Loqni
942 2009 1084 2101 ignorat,
1111 2007 1170 2100 qni
1193 2015 1305 2076 tacere
1331 2007 1447 2078 nescit.

429 2135 510 2204 Ans.
535 2133 675 2204 Pittaco:
702 2133 811 2228 Loqui
836 2133 1014 2225 ignorabit,
1042 2155 1119 2202 cnm
1143 2123 1247 2225 (quil)
1274 2140 1385 2201 tacere
1410 2132 1546 2202 nesciet.

428 2255 629 2328 Pseudosen.
656 2255 698 2326 de
723 2279 807 2328 mor.
837 2256 923 2327 132:
950 2255 1017 2339 Qni
1041 2254 1147 2326 nescit
1172 2265 1293 2338 tacere,
1320 2254 1427 2325 nescit
1452 2263 1484 2324 et
1509 2255 1613 2348 loqui.
1727 2265 1731 2276 '

427 2382 469 2455 V.
494 2381 534 2452 B.
560 2403 611 2474 sp.
638 2380 671 2450 d.
696 2379 732 2466 d,
759 2380 807 2450 92
832 2401 991 2472 ex·prov.
1019 2382 1096 2472 Sap.
1147 2380 1273 2450 Tacere
1298 2378 1356 2472 qni
1382 2378 1498 2461 nescit,
1526 2379 1618 2472 loqui
1643 2381 1755 2452 nescit.

428 2507 469 2577 V.
495 2506 534 2576 B.
560 2525 680 2599 epm.
706 2502 803 2587 3,.1,
829 2503 869 2574 d:
903 2503 1141 2598 Hieronymus.
1183 2505 1274 2575 Bene
1307 2504 1401 2598 loqui
1435 2505 1548 2590 nescit,
1583 2505 1641 2600 qni
1675 2514 1783 2578 tacere
1809 2530 1876 2580 non
1899 2507 1991 2580 novit
2016 2517 2079 2580 etc.
2116 2508 2192 2580 coll.

526 2630 776 2702 Pseudoseneca
802 2629 844 2700 de
868 2651 953 2700 mor.
980 2631 1004 2698 2
1030 2639 1063 2700 et
1089 2629 1123 2699 9.

404 2753 494 2826 lraud
520 2755 618 2826 lacile
643 2778 687 2826 ex
716 2755 787 2848 ipso
811 2753 961 2860 Ausonio
995 2751 1129 2822 lluxisse
1158 2752 1243 2822 milri
1275 2751 1507 2846 persuaserim.
1556 2753 1712 2847 Denique
1744 2754 1937 2848 scrupulum
1972 2754 2056 2825 milri
2090 2754 2196 2826 inlicit

405 2883 580 2956 Suetonius
605 2881 663 2953 ille
687 2901 764 2974 pag.
790 2879 838 2950 te
864 2886 897 2949 et
921 2877 965 2948 51
995 2878 1075 2948 lurti
1099 2878 1218 2950 leviter
1243 2886 1426 2960 accusatus,
1456 2898 1558 2970 quem
1581 2885 1694 2948 tamen
1720 2880 1918 2973 plerumque
1943 2888 2093 2950 auctores
2118 2899 2193 2950 snos

404 3007 543 3080 laudare
568 3005 645 3077 satis
670 3011 783 3074 notum
809 3009 868 3072 est.
919 2999 1088 3085 Quidnam
1114 3001 1215 3093 igitur
1248 3023 1367 3072 causae
1392 2998 1536 3084 suberat,
1570 3024 1631 3071 cnr
1655 3010 1808 3094 quattuor
1832 3001 1914 3071 illis·
1933 3001 2015 3072 locis
2039 3023 2116 3096 pag.
2143 3001 2191 3072 dB

406 3141 439 3206 et
465 3133 511 3205 50
537 3130 708 3224 adscriptis
735 3167 780 3180 -
805 3150 885 3198 nam
909 3127 1031 3198 Polior.
1057 3127 1116 3198 lib.
1143 3128 1200 3197 llI.
1227 3149 1300 3230 cap.
1330 3125 1375 3196 14
1401 3116 1427 3216 ὃ
1456 3125 1513 3194 17.
1546 3126 1606 3193 22.
1640 3125 1700 3194 25.
1736 3124 1903 3196 32-39.
1939 3127 1999 3198 36.
2027 3123 2075 3196 ot
2100 3149 2192 3221 seqq.

406 3279 450 3328 ex
474 3257 545 3349 ipso
570 3255 725 3326 Suetonio
751 3253 915 3347 descripta
947 3275 1018 3324 esse
1052 3251 1194 3323 arbitror
1220 3292 1265 3304 -
1293 3251 1476 3324 Caecilium
1501 3264 1568 3321 non
1602 3250 1809 3322 nominarent
1841 3251 1895 3322 An
1921 3251 2070 3336 sortasse,
2104 3255 2195 3346 qnod

406 3378 469 3450 sibi
494 3377 642 3470 aequalis
668 3377 750 3448 luitt

503 3501 629 3574 Verum
653 3499 718 3570 hoc
742 3499 801 3571 alii
825 3497 970 3572 rideant.
1008 3499 1153 3570 Videant
1177 3497 1213 3580 ii,
1239 3507 1349 3612 ntrnnp
1375 3496 1522 3568 Caecilio
1546 3496 1678 3592 plenior
1703 3497 1852 3568 Suetonii
1877 3497 1984 3568 codex
2008 3499 2052 3569 ad
2076 3520 2194 3570 manus

406 3617 552 3718 luerit(l)
577 3647 621 3695 an
645 3626 673 3694 l.
700 3624 956 3696 Sareslreriensis
981 3621 1207 3717 paragraphus
1232 3621 1306 3692 illas
1332 3643 1374 3692 ex
1401 3620 1551 3692 Suetonii
1577 3630 1610 3690 et
1635 3621 1773 3691 Caecilii
1801 3621 1883 3692 locis
1909 3622 2077 3693 consuisse
2103 3622 2194 3693 indi·

407 3749 531 3821 candus
556 3749 614 3830 sit;
647 3747 793 3831 videant,
826 3748 900 3841 quis
924 3747 966 3818 sit
991 3749 1221 3838 Hermogenes
1245 3745 1303 3816 ille
1329 3746 1403 3815 Par.
1430 3737 1456 3836 §
1482 3745 1523 3827 ἴς
1556 3745 1700 3826 rideant,
1732 3743 1852 3837 quibus
1883 3746 2031 3816 terminis
2057 3745 2194 3818 Caecilii

407 3882 548 3945 aetatem
573 3872 754 3944 includant.
806 3872 915 3956 Quam
946 3871 1173 3965 quaestionem
1209 3869 1237 3939 si
1269 3869 1334 3941 viri
1367 3868 1454 3941 docti
1486 3868 1622 3960 dignam
1656 3869 1853 3950 censuerint,
1888 3892 1975 3962 quae
2009 3869 2193 3942 accuratius

409 3996 628 4079 examinetur,
654 4019 714 4067 nos
739 4004 826 4066 certe
851 4017 1035 4088 numquam
1059 3993 1251 4089 poenitebit,
1278 3993 1367 4086 qnod
1394 3993 1575 4065 Caecilium
1601 4015 1621 4063 a
1650 3993 1788 4064 mortuis
1813 3994 2076 4084 excitaverimus.

489 4266 525 4343 ⁴⁸)
546 4267 631 4333 Conl.
651 4271 753 4332 tamon
773 4267 858 4331 Lind.
881 4271 932 4329 17:
953 4269 1074 4346 Lepttnr
1095 4267 1134 4328 de
1154 4266 1293 4346 Diogene
1315 4267 1372 4327 eto.
