4982 6280
1220 619 1468 694 ..52-

445 820 548 892 multa
578 820 716 890 fortasse
742 842 762 890 a
788 841 841 888 me
873 819 1028 911 neglecta
1061 841 1131 890 esse
1166 819 1309 890 libenter
1341 819 1501 890 concedo.
1554 819 1618 892 Sed
1643 821 1697 892 uel
1730 821 1779 892 sic
1813 819 2024 904 adnotandis,
2057 844 2148 915 quae
2187 841 2255 911 ego

444 946 659 1037 collegeram,
685 968 756 1014 rem
782 967 850 1014 non
876 943 976 1037 plane
1002 945 1153 1015 inutilem
1179 945 1363 1038 suscepisse
1394 945 1477 1015 mibi
1503 943 1641 1015 videbar
1666 955 1699 1016 et
1724 967 1765 1014 eo
1791 943 1936 1015 maxime
1970 945 2106 1016 nomine
2132 943 2257 1038 pbilo-

425 1070 528 1161 ›logis
545 1069 729 1162 probatam,
758 1079 804 1149 ut,
831 1067 954 1162 quibus
970 1069 1126 1162 speculis,
1153 1066 1275 1161 quibus
1292 1067 1397 1149 libris,
1424 1067 1546 1160 quibus
1563 1068 1727 1161 capitibus
1744 1069 1883 1139 Caecilii
1901 1069 2037 1162 vestigia
2064 1079 2253 1150 exstarent,

444 1204 611 1265 constaret
636 1192 831 1285 itinerisque
856 1191 926 1262 dux
951 1173 1128 1262 existerem
1155 1192 1206 1274 iis,
1233 1191 1293 1285 qui
1318 1191 1405 1262 banc
1430 1215 1502 1262 rem
1528 1193 1714 1264 accuratius
1739 1195 1915 1288 explorare
1940 1195 2056 1264 velint.

543 1317 739 1408 Priusquam
764 1339 845 1387 vero
870 1316 912 1386 ad
938 1317 998 1386 illa
1023 1316 1158 1409 specula
1183 1316 1416 1408 perlustranda
1442 1317 1651 1401 accedamus,
1679 1341 1722 1388 ex
1739 1319 1835 1390 Vino.
1854 1323 1893 1390 B.
1910 1341 2019 1411 pauca
2045 1317 2255 1412 proterenda

444 1451 520 1512 sunt
552 1440 593 1510 de
620 1440 865 1523 Helinando,
900 1454 988 1510 anno
1025 1441 1119 1512 1277
1152 1450 1293 1522 mortuo,
1328 1463 1427 1534 quem
1463 1452 1497 1511 et
1530 1443 1638 1534 ipsum
1665 1443 1812 1515 Caecilio
1845 1465 1943 1514 usum
1976 1465 2048 1513 esse
2081 1442 2254 1536 suspicari

323 1645 330 1661 ⁶
443 1565 521 1636 licet
546 1589 590 1634 ex
614 1565 695 1635 locis
721 1564 765 1634 ad
790 1567 880 1636 llon.
908 1565 1062 1646 XXXIX,
1086 1564 1109 1633 5
1136 1563 1236 1634 etad
1262 1565 1339 1634 Par.
1366 1564 1613 1637 20.ndnotatir.
1660 1567 1756 1638 Vino.
1784 1567 1887 1659 igitur
1912 1590 2001 1660 spec.
2027 1566 2105 1637 bist.
2132 1567 2157 1637 l.
2187 1566 2252 1649 29,

444 1711 518 1781 cap.
547 1689 618 1760 108
644 1688 729 1759 haec
754 1689 795 1760 de
823 1711 863 1758 eo
889 1689 1007 1759 refert:
1038 1689 1171 1758 iactor.
1210 1689 1273 1758 His
1298 1689 1504 1781 temporibus
1538 1690 1574 1760 in
1599 1691 1767 1761 territorio
1793 1691 2024 1762 Bellovacensi
2057 1691 2119 1761 luit
2146 1691 2254 1761 Heli-

444 1813 573 1884 nandus
599 1811 781 1883 monachus
800 1811 1116 1904 Frigidimontanus,
1144 1811 1194 1880 vir
1211 1809 1388 1901 religiosus
1406 1820 1438 1880 et
1455 1812 1610 1884 facundia
1627 1814 1767 1884 disertos
1770 1865 1895 1884 .....
1912 1815 2024 1886 Etiam
2050 1812 2252 1884 chronicam

445 1938 622 2030 diligenter
647 1939 689 2009 ab
715 1939 809 2008 initio
836 1939 953 2009 mundi
979 1959 1086 2030 usque
1112 1937 1155 2009 ad
1181 1946 1309 2027 tempus
1341 1959 1442 2006 suum
1474 1937 1507 2006 in
1543 1937 1689 2008 maximo
1723 1938 1867 2032 quodam
1892 1937 2063 2008 volumine
2095 1936 2250 2028 digessit.

443 2065 487 2134 Et
512 2063 575 2134 hoc
600 2063 736 2157 quidem
769 2085 852 2156 opus
891 2062 1087 2155 dissipatum
1113 2072 1219 2131 estet
1244 2061 1442 2154 dispersum,
1475 2073 1701 2156 utnusquam
1727 2073 1833 2134 totum
1858 2063 2056 2158 reperiatur.
2076 2109 2115 2134 ..
2136 2111 2145 2132 .
2166 2115 2176 2132 .
2195 2063 2251 2133 Be

443 2187 508 2260 hoo
533 2199 645 2260 tamen
670 2211 783 2281 opere,
810 2199 910 2282 prout
934 2187 1086 2259 invenire
1111 2189 1216 2280 potui,
1245 2186 1279 2256 in
1304 2185 1369 2256 boc
1386 2209 1520 2280 quoque
1546 2196 1658 2258 nostro
1684 2209 1786 2279 opere
1812 2188 1916 2258 multa
1935 2211 1997 2282 per
2015 2189 2147 2259 divorsa
2173 2185 2252 2254 loca

444 2313 604 2384 inserui.»
657 2317 763 2397 llaec,
796 2324 832 2384 ut
856 2323 932 2383 sunt
957 2313 1027 2382 iere
1053 2313 1249 2395 certissima,
1284 2335 1371 2404 quae
1397 2313 1480 2383 milri
1506 2312 1547 2382 de
1574 2313 1637 2384 boc
1662 2314 1822 2405 scriptore
1854 2314 2083 2394 innotuerunt,
2115 2313 2162 2382 ita
2190 2331 2251 2380 ar-

443 2449 601 2530 gumento
628 2461 699 2508 esse
724 2449 871 2531 possunt,
898 2437 1089 2507 Caeciliana
1116 2438 1302 2528 fragmenta
1329 2437 1370 2507 ab
1398 2437 1590 2508 Helinando
1615 2448 1747 2508 servata
1773 2437 1933 2530 pleraque
1961 2459 1981 2508 a
2007 2437 2185 2508 Vincentio
2212 2433 2250 2504 in

446 2584 535 2655 spec.
563 2561 640 2633 bist.
667 2571 699 2632 et
724 2570 792 2632 nat.
819 2559 945 2652 digesta
972 2583 1043 2631 esse
1069 2561 1320 2654 Belinandiqoe
1345 2560 1503 2632 chronica
1528 2561 1569 2632 ad
1596 2561 1736 2632 Caecilii
1764 2561 1867 2632 libros
1893 2560 1927 2631 in
1953 2562 2122 2652 integrum
2147 2559 2250 2630 resti-

446 2687 588 2758 tuendos
614 2686 705 2758 baud
732 2663 918 2779 itamagni
944 2709 1016 2756 esse
1042 2688 1213 2758 momenti.

544 2811 708 2894 Quattuor
734 2823 809 2881 sunt
834 2835 936 2905 opera
961 2811 1170 2882 nobilissima
1201 2833 1421 2903 summaeque
1451 2809 1657 2892 eruditionis,
1691 2831 1777 2902 quae
1802 2809 1970 2879 Vincentii
1995 2809 2081 2880 Bell.
2107 2809 2248 2879 nomine

447 2934 585 3005 inscribi
610 2936 731 3006 solentt
758 2936 933 3029 speculum
959 2934 1141 3017 historiale,
1168 2957 1217 3027 sp.
1245 2934 1440 3015 doctrinale,
1467 2956 1516 3027 sp.
1544 2934 1707 3016 naturale,
1734 2957 1783 3027 sp.
1809 2935 1949 3005 morale.
1996 2935 2128 3006 Horum
2153 2943 2249 3027 post·

444 3081 587 3140 remum,
615 3059 674 3128 etsi
700 3081 768 3130 non
794 3070 844 3130 est
867 3060 1046 3142 Vincentii,
1078 3058 1138 3129 sed
1164 3060 1249 3130 alius
1281 3059 1453 3130 cniusdam
1487 3060 1550 3130 viri
1584 3060 1672 3130 docti
1706 3061 1811 3130 foetus
1836 3059 2013 3131 Vincentio
2044 3061 2247 3153 suppositus,

444 3176 519 3272 (cir.
546 3184 649 3276 Aloys
667 3185 785 3275 Vogel.
825 3184 1185 3256 Litterar-bistorisobe
1211 3186 1351 3256 Notizan
1377 3185 1462 3256 iiber
1488 3185 1552 3254 den
1579 3183 1880 3255 mittelalterlieben
1899 3183 2078 3254 Celebrten
2096 3185 2248 3255 Vincenz

446 3330 511 3378 von
537 3307 710 3377 Beauvais.
739 3309 854 3400 Progr.
882 3308 1037 3400 Friburg.
1064 3309 1143 3378 anni
1172 3308 1280 3380 1853.
1307 3303 1356 3400 d.)
1382 3310 1545 3380 nonnulla
1571 3321 1681 3380 umen
1712 3309 1858 3380 continet
1883 3309 2021 3381 Caecilii
2046 3309 2246 3400 fragmenta,

446 3442 483 3502 ut
507 3431 722 3523 praelationis
747 3443 887 3523 partem,
923 3431 965 3502 de
990 3455 1055 3525 qua
1081 3431 1157 3503 vide
1189 3457 1290 3526 supra
1314 3455 1393 3526 pag.
1420 3437 1444 3504 2
1471 3444 1504 3503 et
1528 3432 1566 3514 3;
1603 3434 1767 3515 naturale,
1801 3433 1835 3502 in
1871 3457 1938 3526 quo
1970 3433 2029 3502 vix
2053 3432 2249 3503 Caeciliana

447 3556 554 3625 inesse
580 3554 665 3626 mibi
691 3555 931 3648 persuadebam
957 3565 1092 3650 propter
1117 3557 1305 3648 argumenti
1332 3557 1569 3640 diversitatem,
1595 3582 1638 3628 ne
1665 3558 1795 3650 inspexi
1822 3557 1973 3650 quidem;
2009 3557 2043 3627 in
2071 3557 2248 3628 doctrinali

446 3683 571 3754 multae
597 3683 703 3752 latent
720 3685 862 3754 Socratis
889 3685 1071 3756 sententiae
1097 3685 1253 3767 morales,
1281 3685 1451 3756 breviores
1477 3684 1556 3753 illae
1574 3694 1607 3752 et
1624 3705 1702 3776 pag.
1720 3683 1768 3753 to
1787 3705 1880 3776 seqq.
1899 3682 2027 3761 editae;
2051 3703 2113 3774 per
2138 3681 2247 3752 bisto-

446 3806 546 3877 riales
567 3807 711 3901 denique
737 3807 851 3890 libros,
881 3830 937 3879 eos
955 3809 1160 3902 praesertim,
1188 3808 1308 3902 quibus
1326 3808 1367 3880 de
1383 3808 1552 3879 ueteribus
1569 3806 1776 3900 pbilosophis
1794 3807 1981 3901 exponitur,
2000 3806 2120 3901 passim
2139 3828 2247 3898 agno-

447 3932 569 4002 scimus
596 3931 733 4003 Caecilii
760 3955 908 4003 manum.
960 3934 1142 4004 Videamus
1169 3933 1270 4024 igitur
1296 3933 1338 4004 de
1364 3933 1515 4024 singolis.

1043 4151 1074 4246 a)
1105 4151 1349 4252 Speculum
1381 4151 1650 4228 historiale.

547 4303 621 4373 Lib.
648 4305 683 4386 2,
710 4327 782 4397 cap.
813 4303 894 4374 126.
934 4305 989 4374 De
1015 4312 1166 4396 septem
1192 4299 1442 4394 sapientibus
1469 4303 1672 4374 Graeciae.
1721 4304 1914 4375 Cleobulus.
1940 4303 2074 4394 Magis.
2096 4356 2104 4372 .
2125 4325 2246 4396 ..po-

449 4428 571 4498 tentior
596 4431 670 4500 Per.
699 4429 757 4499 25.
809 4429 897 4499 bias.
923 4429 1096 4500 Molestius
1116 4480 1124 4498 .
1145 4480 1153 4497 .
1173 4480 1182 4497 .
1202 4480 1210 4497 .
1229 4427 1389 4498 iudicare.
1442 4429 1467 4498 P
1492 4428 1552 4498 23.
1580 4429 1771 4521 Sequuntur
1796 4427 1917 4499 deinde
1943 4427 2046 4497 baec:

501 4553 542 4623 V.
564 4554 603 4624 B.
642 4553 730 4623 Idem
754 4555 842 4644 Byas
866 4555 1017 4624 Pts‘eoeus
1041 4555 1089 4622 ito
1113 4552 1228 4634 niebot,
1255 4553 1304 4621 a'to
1440 4552 1500 4625 W.
1534 4553 1574 4622 B.
1608 4552 1698 4621 Bias.
1756 4552 1807 4621 lto
1842 4554 1936 4622 etiam
1969 4551 2074 4621 siebat
2106 4553 2245 4622 homiues

451 4691 591 4770 oportere
615 4677 815 4748 bominibus
843 4680 879 4748 iu
909 4701 1014 4747 osum
1047 4678 1208 4748 amicitiae
1231 4699 1304 4746 oer-
1393 4688 1532 4768 oportere
1555 4677 1593 4744 io
1617 4699 1678 4746 uso
1703 4677 1865 4747 amicitior
1889 4678 2041 4757 seruari,
2073 4688 2110 4744 ut
2133 4676 2246 4744 memi-

449 4803 529 4881 snrs',
554 4815 590 4870 ot
615 4802 838 4883 omisissem,
864 4825 933 4871 eom
953 4803 999 4872 od
1021 4823 1133 4894 provee
1158 4801 1304 4870 iuimici-
1389 4802 1495 4870 ocrim
1526 4823 1578 4871 sos
1612 4801 1657 4870 od
1689 4801 1900 4892 pravissimos
1931 4802 2122 4872 inimicitior
2155 4821 2245 4892 posse

441 4926 513 4995 'tica
535 4947 626 5017 posse
650 4925 800 4994 converti.
1391 4927 1538 4994 conuerti.

450 5048 650 5142 quibuscum
675 5048 826 5118 conteras
851 5047 979 5118 Biantis
1005 5049 1128 5121 dictnm
1154 5048 1243 5142 apnd
1268 5048 1369 5139 Biog.
1394 5050 1505 5120 Laert.
1527 5049 1559 5130 l,
1578 5048 1613 5130 5,
1632 5047 1679 5117 85
1706 5059 1813 5148 φιλεῖν
1833 5049 1879 5136 ὦς
1902 5047 2097 5148 μισήσοντας
2122 5055 2155 5117 et
2173 5046 2254 5118 cio·

450 5171 663 5245 deamicitia
689 5197 761 5268 cap.
791 5176 849 5259 16,
877 5173 937 5244 59.
988 5173 1200 5244 vincentium
1226 5173 1365 5244 Caecilii
1390 5172 1493 5246 verba
1517 5170 1658 5242 reddere
1685 5171 1848 5242 existimo.

550 5302 590 5370 L.
610 5299 644 5382 3,
664 5297 724 5369 58.
763 5301 818 5370 Be
844 5297 972 5370 dietis
999 5297 1176 5368 Socratis
1202 5298 1433 5369 moralibus.
1472 5298 1598 5379 ,Aetna
1637 5297 1746 5368 lluins
1764 5319 1898 5390 quoque
1916 5295 2098 5366 sententiae
2124 5294 2242 5367 lauda·

450 5420 534 5492 biles
559 5423 773 5494 inueniuntur
797 5423 902 5494 tales!
939 5423 1014 5492 Par.
1034 5422 1093 5492 52.
1120 5421 1179 5492 35.
1206 5421 1266 5494 35.
1292 5423 1353 5496 ll).
1379 5422 1441 5493 55.
1466 5422 1526 5493 56.
1554 5424 1613 5493 57.
1640 5421 1699 5492 51.
1728 5419 1787 5492 53.
1815 5419 1874 5492 55.
1902 5413 1980 5490 551).
2007 5421 2067 5490 56.
2094 5419 2153 5492 59.
2183 5421 2242 5492 60.
