4982 6280
1218 611 1464 682 ...76-

443 803 597 877 Burleins
622 829 664 875 ex
688 805 761 900 ipso
786 804 959 876 Vincentio
985 805 1167 898 descripsit.
1207 807 1275 878 Cir.
1302 807 1345 878 ad
1370 831 1419 902 sp.
1446 807 1478 878 6.
1505 809 1540 894 3,
1567 812 1615 882 67
1641 833 1741 906 supra
1758 835 1834 907 pag.
1853 814 1912 886 53.
1950 817 2078 888 Verum
2102 820 2236 915 utrique

443 928 507 1000 hoe
534 939 580 1000 est
606 950 782 999 commune
809 927 1068 1012 incommodum,
1096 929 1186 1023 quod
1211 955 1321 1026 neque
1347 931 1413 1018 hic,
1441 955 1504 1004 nec
1530 933 1587 1004 ille
1614 935 1753 1007 Caecilii
1786 961 1926 1030 usquam
1952 941 2158 1012 mentionem
2182 944 2235 1015 16-

443 1053 519 1134 ciat,
547 1045 618 1142 (cir.
644 1074 721 1145 pag.
747 1046 782 1139 2)
816 1062 848 1122 61
871 1052 1065 1124 Vincentius
1100 1077 1171 1124 sese
1204 1077 1283 1127 vere
1316 1066 1472 1149 torquere
1505 1057 1646 1141 videtur,
1681 1061 1849 1150 quomodo
1880 1085 1963 1156 opus
1994 1063 2078 1135 illud
2109 1063 2236 1137 incerto

442 1185 576 1246 anctore
601 1175 772 1267 vulgatum
799 1177 971 1248 commode
997 1176 1172 1270 designare
1206 1177 1318 1271 possit.
1368 1180 1459 1249 llinc
1484 1180 1585 1273 igitur
1618 1181 1701 1252 illud
1736 1185 1855 1254 6161166
1888 1207 1937 1279 66.
1963 1185 1997 1256 6.
2025 1187 2060 1271 3,
2086 1190 2146 1258 67.
2173 1189 2233 1262 68.

443 1299 477 1384 5,
504 1301 539 1382 2,
567 1302 682 1391 lepitvr
715 1321 764 1391 sp.
790 1299 824 1369 6.
852 1300 886 1382 3,
913 1303 973 1416 711τ
1001 1301 1060 1370 82.
1087 1302 1147 1384 91,
1179 1305 1388 1374 inveniantur
1412 1327 1462 1398 66.
1488 1304 1522 1374 6.
1552 1305 1586 1388 3,
1613 1306 1672 1390 58,
1706 1333 1746 1378 ete
1778 1311 1911 1382 61661616
1946 1312 2022 1383 loeis
2055 1315 2236 1406 collegimus

442 1449 492 1519 sp.
519 1425 552 1495 h.
580 1424 614 1506 3,
631 1422 701 1505 58,
728 1447 767 1492 eae
792 1424 924 1493 diversis
951 1424 1028 1493 loeis
1054 1439 1197 1518 excerpta
1222 1427 1333 1518 collegi
1357 1419 1418 1520 (sp.
1445 1428 1478 1498 h.
1505 1428 1540 1512 3,
1568 1431 1615 1500 79
1642 1432 1741 1502 citato
1766 1433 1808 1502 ad
1824 1435 1885 1507 W.
1904 1437 1943 1506 B.
1961 1436 2045 1508 Plat.
2063 1429 2089 1528 6
2110 1436 2168 1507 19.
2186 1441 2234 1511 29

442 1571 542 1640 supra
567 1570 644 1641 pag.
672 1541 746 1636 ott:
775 1547 853 1617 hine
878 1547 960 1617 illud
988 1571 1027 1618 66
1049 1553 1226 1640 proverbiis
1250 1551 1468 1647 Sapievtvm')
1493 1577 1542 1649 sp.
1562 1557 1594 1626 d.
1616 1556 1651 1640 6,
1670 1559 1730 1630 67.
1761 1560 1840 1630 132.
1870 1561 1953 1632 133.
1980 1563 2124 1646 5,126;
2151 1564 2236 1635 11166

388 1707 389 1712 ι
442 1673 558 1762 legitur
581 1674 617 1742 16
641 1671 818 1765 proverbiis
841 1671 1100 1764 pbilosophorum
1124 1697 1173 1768 sp.
1201 1699 1246 1748 m.
1274 1676 1309 1759 3,
1336 1679 1370 1760 8,
1400 1678 1432 1748 1.
1460 1677 1494 1762 3,
1522 1680 1557 1762 9,
1585 1680 1624 1762 3;
1661 1675 1740 1754 hinc
1765 1683 1825 1754 1116
1847 1687 2006 1776 parabole
2028 1688 2236 1781 pbilosopho-

441 1819 514 1866 rum
538 1819 588 1890 sp.
613 1819 659 1866 m.
688 1797 722 1879 3,
749 1795 783 1879 3,
811 1796 869 1866 23.

541 1921 627 1990 8666
644 1943 760 1991 verum
783 1931 831 1989 est
856 1919 955 1990 illud:
981 1921 1107 1992 Habent
1131 1945 1190 1992 svn
1215 1926 1285 2014 fate
1311 1922 1420 1993 libelli.
1459 1926 1625 1994 loannes
1652 1928 1977 2000 saresberiensis
2003 1931 2093 2002 enim
2110 1933 2234 2004 Polior.

440 2046 498 2116 lll.
528 2044 585 2126 16,
612 2045 669 2114 661
696 2043 737 2114 66
762 2044 945 2114 6616616116
971 2045 1111 2128 disserit,
1139 2055 1187 2114 tot
1211 2045 1488 2138 apophthegmata
1514 2069 1557 2118 ex
1583 2050 1730 2120 Caecilio
1755 2051 1861 2122 Balbo
1887 2052 2010 2136 retulit,
2045 2063 2081 2123 nt
2115 2055 2147 2123 ei
2180 2055 2236 2124 in-

440 2179 569 2261 tegrum
596 2167 734 2239 Caecilii
765 2191 848 2262 opus
882 2169 924 2238 ad
959 2193 1078 2240 manus
1112 2169 1212 2240 luisse
1244 2169 1414 2252 videatur3
1445 2144 1526 2260 (vid.
1551 2195 1627 2266 pag.
1661 2172 1708 2245 68
1742 2175 1799 2246 66.
1832 2187 1865 2245 61
1898 2176 1946 2246 69
1979 2171 2097 2270 princ.)
2132 2179 2235 2248 immo

440 2303 558 2385 quarto
585 2293 714 2363 decimo
740 2292 849 2362 adhue
874 2295 1008 2372 saeculo
1033 2295 1206 2368 Walterus
1236 2297 1388 2366 Burleius
1423 2297 1590 2390 integrum
1617 2300 1754 2370 Caecilii
1788 2301 1937 2372 codicem
1972 2303 2127 2374 manibus
2158 2327 2237 2376 ver-

440 2417 540 2498 savit;
566 2439 626 2487 nos
651 2439 730 2487 vero
755 2418 888 2488 saeculo
914 2417 1161 2489 undevicesimo
1195 2420 1266 2490 eius
1291 2421 1446 2496 nominis·
1470 2431 1503 2490 et
1528 2422 1638 2515 operis
1670 2446 1778 2515 66666
1808 2425 1904 2496 661111
1937 2426 2074 2518 exiguas
2108 2436 2236 2498 166166

439 2541 598 2634 reliquias
624 2540 660 2611 in
684 2542 795 2612 lucem
820 2541 1060 2612 revocavimus.
1112 2542 1325 2634 Quamquam
1350 2565 1419 2612 non
1444 2545 1559 2614 omnia
1594 2545 1875 2639 apophthegmata
1901 2539 2043 2618 loannes
2076 2550 2110 2618 in
2137 2571 2236 2620 nsum

439 2685 536 2734 snum
562 2665 733 2745 convertit,
769 2674 931 2758 quotquot
956 2676 1064 2736 essent
1089 2666 1177 2758 apud
1204 2667 1387 2738 Caecilium
1412 2668 1455 2738 66
1480 2668 1765 2754 maledicentibus,
1798 2682 1834 2742 ut
1867 2672 1965 2742 lavile
1998 2671 2252 2764 deprehendet,¹

441 2789 500 2882 qni
524 2789 583 2862 W.
608 2789 701 2860 Buri.
727 2790 827 2882 Diog.
855 2782 880 2878 6
911 2791 942 2858 1.
970 2791 1004 2860 2.
1033 2790 1055 2860 3
1083 2783 1195 2883 (supra
1219 2811 1296 2883 pag.
1325 2791 1372 2861 69
1399 2786 1517 2881 6161)
1544 2801 1577 2861 61
1601 2794 1691 2863 Μο6.
1718 2795 1825 2864 lleV
1842 2797 2004 2876 66616666
2031 2794 2091 2865 666
2116 2796 2235 2868 6661116

439 2915 551 2985 661116
577 2913 650 2984 61116
675 2915 838 3007 exemplis
864 2937 906 2984 ex
923 2913 1095 2996 Frontino,
1122 2913 1291 2994 Suetonio,
1316 2912 1487 2984 Macrohio
1514 2915 1598 2986 illud
1623 2929 1722 3009 caput
1738 2917 1773 2986 in
1789 2915 1913 2990 tantam
1936 2918 2059 2988 molem
2086 2919 2233 3004 adauxit,

438 3048 476 3108 nt
491 3039 548 3109 vix
569 3060 772 3131 quemquam
798 3038 994 3108 exstiturum
1021 3060 1092 3142 esse
1118 3047 1244 3130 putem,
1271 3037 1328 3130 qui
1354 3059 1431 3106 eum
1457 3037 1499 3107 ad
1525 3040 1805 3132 comprobandam
1831 3036 2236 3134 66616611661116666

438 3165 640 3258 propositam
668 3163 808 3234 nimium
835 3164 945 3234 verbis
970 3165 1161 3258 pepercisse
1187 3173 1320 3254 arguat.

536 3287 588 3356 De
614 3286 817 3358 codicibus
845 3288 1039 3358 Parisinis
1065 3299 1096 3358 et
1114 3289 1155 3358 de
1171 3289 1429 3373 Monacensi,
1455 3287 1714 3381 locupletissimo
1732 3289 1969 3361 dissertationis
1985 3301 2118 3363 noshae
2133 3294 2233 3376 16616,

438 3411 505 3481 166
531 3410 609 3480 66116
634 3411 759 3482 616166
786 3422 835 3481 661
859 3433 936 3504 pag.
966 3412 1123 3496 16-17,
1156 3411 1315 3495 35-37,
1343 3411 1390 3481 63
1417 3433 1509 3504 seqq.
1546 3412 1842 3504 locupletissimum
1875 3414 1964 3484 enim
1998 3414 2088 3486 hunc
2121 3416 2234 3488 dicere

437 3535 536 3606 liceat
562 3559 621 3628 pro
646 3535 813 3628 paucitate
848 3538 1109 3628 fragmentorum
1136 3535 1417 3618 Caecilianorum,
1450 3557 1536 3626 quae
1570 3535 1679 3605 66666
1710 3536 1746 3604 in
1780 3538 1890 3607 lucem
1924 3539 2117 3631 protrahere
2151 3541 2235 3611 mihi

439 3659 586 3750 mntigit,
614 3682 685 3729 666
710 3683 771 3752 pro
797 3661 927 3753 integro
953 3661 1091 3731 Caecilii
1117 3682 1229 3753 opere.
1268 3661 1354 3730 Nam
1381 3681 1467 3751 qnae
1494 3659 1528 3728 in
1544 3659 1737 3730 Monacensi
1764 3672 1796 3729 et
1821 3661 1980 3732 Parisinis
2004 3673 2134 3733 servata
2159 3672 2236 3733 sunt

438 3782 625 3873 fragmenta
643 3785 793 3867 Caecilii,
820 3785 847 3854 si
873 3785 987 3856 omnia
1012 3785 1047 3854 in
1073 3807 1178 3854 unum
1204 3751 1366 3863 conteras,
1393 3781 1449 3851 vix
1471 3791 1622 3874 quartam
1648 3783 1788 3855 habebis
1814 3784 1935 3876 integri
1960 3785 2070 3878 operis
2094 3796 2234 3880 partem.

437 3908 520 3982 Eius
545 3910 666 3981 calculi
691 3909 775 3981 ratio
800 3908 887 3979 6666
912 3917 974 3978 661.
1024 3909 1109 3979 Cum
1136 3906 1318 4000 plurimum
1343 3905 1544 3975 firmamenti
1571 3905 1659 3977 haud
1685 3906 1784 3976 dubie
1811 3906 1845 3976 in
1872 3907 1913 3976 iis
1938 3911 1999 3982 W.
2023 3910 2151 3980 Burleii
2177 3933 2236 3980 ca-

437 4032 559 4126 pitibus
585 4033 777 4126 ponendum
802 4033 854 4114 sit,
881 4033 1002 4125 quihus
1029 4032 1218 4103 continuata
1244 4039 1318 4100 sunt
1345 4029 1482 4101 Caecilii
1508 4029 1695 4121 fragmenta
1724 4030 1826 4100 nullis
1860 4031 2004 4102 aliorum
2036 4033 2235 4126 scriptorum

438 4156 521 4226 locis
547 4157 691 4237 insertis,
716 4167 753 4228 61
778 4157 811 4226 16
830 4156 997 4249 Diogene,
1025 4179 1101 4227 eum
1129 4177 1245 4225 omnes
1271 4155 1341 4224 lere
1359 4153 1518 4245 Diogenis
1543 4154 1731 4239 sententias,
1757 4167 1919 4249 quotquot
1944 4155 2032 4250 apud
2050 4156 2235 4228 Caecilium

436 4280 581 4352 Balbum
607 4281 779 4373 reperiret,
806 4282 839 4350 in
867 4303 971 4351 unum
998 4281 1171 4372 collegisse
1197 4279 1388 4350 coniectura
1414 4279 1576 4371 suspicari
1601 4277 1691 4348 licet.
1742 4258 1906 4370 Diogenis
1938 4280 2051 4372 igitur,
2086 4281 2234 4353 deductis

438 4403 565 4475 duabus
591 4405 656 4475 illis
683 4405 909 4477 Ciceronianis
935 4406 1018 4475 16166
1043 4405 1189 4495 Diogeni
1214 4403 1387 4474 vindicatis
1414 4395 1440 4494 6
1467 4404 1514 4474 36
1541 4414 1573 4474 61
1599 4404 1658 4488 37,
1686 4403 1775 4497 6666
1799 4406 1858 4478 W.
1885 4406 2057 4478 Burleinm
2082 4429 2159 4500 pag.
2185 4407 2233 4479 69

436 4550 531 4622 seqq.
559 4528 868 4622 undequadraginta
893 4531 1049 4622 leguntur
1074 4530 1266 4610 sententiae,
1303 4550 1445 4621 quarum
1481 4527 1649 4612 undecim,
1684 4529 1811 4600 scilieet
1845 4521 1899 4622 66
1925 4531 1960 4600 6.
1987 4530 2022 4600 5.
2049 4531 2084 4602 6.
2112 4531 2146 4602 8.
2176 4528 2232 4602 11.

440 4650 498 4724 18.
534 4655 594 4729 21.
631 4654 689 4724 32.
724 4653 782 4724 33.
818 4653 875 4723 36.
904 4654 951 4724 35
978 4655 1013 4722 16
1039 4655 1128 4724 6166.
1163 4661 1196 4722 61
1220 4654 1339 4722 Pariss.
1377 4661 1522 4732 exstant:
1556 4652 1643 4722 inter
1677 4653 1795 4744 viginti
1826 4663 1953 4747 septem
1978 4654 2123 4724 Platonis
2154 4649 2232 4750 (vid.

436 4797 514 4867 pag.
543 4775 590 4846 63
620 4771 701 4870 seq.)
728 4787 868 4870 septem,
893 4800 936 4846 ex
961 4777 1115 4848 undecim
1141 4777 1271 4848 Solonis
1297 4769 1377 4865 (vid.
1404 4798 1480 4870 pag.
1509 4776 1555 4847 56
1583 4771 1664 4870 seq.)
1691 4787 1757 4846 tres
1782 4777 1817 4846 in
1843 4779 1934 4850 6166.
1968 4789 2000 4848 61
2024 4779 2145 4849 Parias.
2171 4778 2236 4850 ha-

439 4897 569 4968 hentur.
620 4899 760 4969 Ratione
785 4899 886 4991 igitur
910 4899 1025 4970 habita
1050 4900 1185 4971 illorum
1216 4900 1391 4984 dictorum,
1429 4922 1515 4993 quae
1541 4901 1600 4974 W.
1627 4900 1793 4982 Burleius,
1826 4923 1903 4970 cum
1928 4905 2098 4980 ἀδέσποτα
2127 4910 2234 4972 essent

519 5144 555 5223 ')
577 5151 630 5212 Sic
652 5153 744 5213 etiam
757 5151 810 5212 W.
826 5151 969 5213 Burleius
983 5169 1052 5230 pag.
1067 5155 1106 5214 59
1121 5153 1237 5214 media:
1260 5152 1320 5224 ,De
1342 5153 1436 5212 dictis
1450 5151 1588 5214 Socratis
1609 5153 1799 5214 notabilibus
1819 5155 1881 5230 cive
1896 5155 2061 5230 proverbiis
2081 5153 2234 5214 habentur

442 5248 538 5310 haee!
568 5248 709 5312 Ceterum
728 5251 897 5329 pleraeque
918 5252 1100 5328 sententiae,
1112 5269 1199 5328 ,quas
1214 5251 1251 5311 V.
1266 5250 1503 5313 Bellovaccnsis
1524 5268 1564 5310 en
1581 5252 1746 5326 proverbiis
1764 5253 1929 5328 Sapientem
1951 5253 2033 5328 61161,
2054 5267 2133 5312 6666
2153 5251 2235 5311 inter

440 5344 609 5409 Publianas
634 5349 777 5426 leguntur
803 5350 854 5410 vel
880 5350 912 5409 16
931 5349 1014 5410 libro
1034 5348 1291 5410 Pseudosenecae
1318 5349 1358 5409 de
1381 5347 1515 5409 moribus
1542 5348 1701 5428 inscripto,
1729 5367 1825 5427 qnare
1852 5349 1912 5410 666
1939 5351 1979 5410 66
2004 5366 2040 5410 re
2065 5347 2127 5409 alio
2151 5348 2232 5424 loeo,

439 5445 561 5509 scilicet
579 5449 610 5508 in
629 5447 710 5509 libro
730 5465 801 5527 pag.
823 5450 861 5509 vo
882 5447 931 5509 66.
953 5448 1088 5510 indicato
1110 5448 1331 5509 disserendum
1353 5447 1430 5507 6161
1449 5447 1623 5508 reservavi.
