4982 6280
1059 560 1307 630 ...49-

717 758 866 834 Potare

778 855 821 928 §s
927 806 1014 869 liud.
1124 805 1206 868 Mon.
1292 805 1362 867 Par.

481 968 633 1038 Socrates

480 1091 668 1182 Antigonus
808 1141 816 1159 .

483 1218 510 1287 l.
537 1218 662 1288 Caesar
812 1264 820 1282 .

480 1468 651 1558 Augustus

558 1611 576 1652 o
806 1639 814 1657 .
1158 1638 1167 1670 ‚
1222 1640 1230 1658 .

561 1736 577 1776 o
754 1713 815 1783 29.
953 1710 989 1782 2.
1131 1750 1181 1767 —
1306 1750 1355 1765 -

482 1837 574 1908 Titus
757 1835 817 1905 dl.
967 1875 1016 1889 -
1092 1832 1168 1922 [tu
1196 1834 1248 1924 4.]
1309 1875 1354 1888 -
1695 1833 1818 1925 [Bias]

485 1959 679 2034 Alexander
756 1958 815 2029 13.
915 1961 1116 2032 :Auecd
1143 1963 1329 2055 Hamburg.
1522 2013 1527 2027 ,

383 2128 485 2200 Vides
511 2126 658 2221 priorem
684 2125 782 2196 huius
809 2125 925 2218 capitis
949 2136 1077 2218 partem
1104 2126 1270 2218 integram
1296 2129 1369 2199 lere
1394 2152 1437 2198 ex
1460 2127 1615 2200 Caecilio
1632 2127 1737 2199 Balbo
1769 2129 1963 2199 trandatam
1990 2151 2078 2213 esse;

284 2247 311 2348 δ
340 2254 398 2338 ll,
428 2253 473 2323 15
500 2263 531 2324 et
555 2252 616 2333 23,
650 2274 733 2346 quas
759 2251 848 2344 apud
874 2252 1005 2323 nullum
1040 2252 1246 2345 antiquitatis
1277 2259 1473 2346 scriptorem
1505 2253 1619 2345 legere
1650 2252 1801 2336 memini,
1837 2253 1916 2324 item
1943 2253 2081 2326 Caecilii

284 2379 366 2449 sint:
400 2377 545 2450 mediam
581 2399 660 2448 vero
685 2386 718 2446 et
742 2375 897 2446 ultimam
928 2385 1057 2468 partem
1090 2375 1238 2446 maxime
1264 2375 1423 2446 Suetonio
1449 2386 1489 2445 et
1512 2375 1683 2447 Macrobio
1717 2375 1830 2446 deberi
1863 2377 1966 2458 dicas,
2004 2401 2080 2448 cum

286 2503 352 2574 alia
377 2495 416 2593 (ss
445 2502 501 2573 18.
534 2500 705 2571 32-42.
737 2497 796 2588 45)
832 2500 865 2569 in
894 2499 1043 2570 Suetonii
1067 2499 1155 2582 vitis,
1189 2499 1256 2570 alia
1281 2491 1319 2590 (δ
1346 2502 1406 2570 20.
1433 2501 1492 2570 m.
1518 2495 1692 2591 27-31)
1717 2501 1752 2572 in
1777 2501 1939 2576 Macrobii
1964 2504 2082 2574 Satur-

284 2626 429 2710 nalibus,
455 2627 522 2696 alia
548 2625 692 2718 denique
718 2614 757 2714 (S
785 2626 831 2695 l'l
858 2633 890 2694 et
914 2619 974 2715 25)
1010 2624 1099 2716 apud
1127 2635 1306 2716 utrumque
1340 2625 1505 2716 legantur.
1556 2624 1609 2695 Ad
1635 2616 1661 2714 §
1686 2625 1734 2696 ld
1761 2635 1793 2696 et
1816 2625 1867 2697 tl
1892 2627 1921 2696 si
1945 2629 2081 2721 propius

285 2753 476 2834 recesseris,
502 2751 587 2822 nilril
612 2751 820 2832 facetiarum,
846 2749 934 2820 nihil
951 2772 1117 2841 nugarum
1145 2750 1254 2820 inesse
1275 2751 1424 2843 itemque
1449 2749 1660 2842 paragrapho
1684 2751 1836 2842 proxime
1862 2752 2080 2844 praecedente

287 2878 335 2948 d2
351 2876 417 2947 Titi
434 2875 542 2969 potius
559 2896 670 2944 mores
694 2873 878 2944 secundum
905 2875 1100 2945 Suetonium
1126 2873 1319 2945 adumbrari
1346 2896 1447 2966 quam
1466 2872 1537 2944 eius
1554 2874 1658 2944 laceto
1677 2873 1763 2945 dicta
1780 2875 1899 2946 relerri
1916 2877 2080 2952 censebis.

385 3001 425 3070 ln
459 2998 521 3069 hae
548 3019 662 3070 rerum
694 2997 891 3068 condicione
916 2997 1040 3070 reiecta
1074 2999 1230 3092 opinione
1262 2999 1333 3082 illa,
1368 3022 1435 3094 qua
1460 2997 1651 3070 Polioratiri
1684 3009 1782 3092 capnt
1805 2999 1890 3070 illud
1923 3021 2081 3092 magnam

286 3134 416 3218 partem
442 3146 484 3193 ex
509 3122 657 3194 Caecilio
683 3121 819 3192 linxisse
844 3120 1028 3204 statuimus,
1065 3121 1244 3214 plerosque
1278 3121 1368 3192 lrand
1402 3123 1506 3194 miror
1531 3145 1605 3192 eam
1631 3122 1666 3191 in
1692 3121 1890 3193 sententiam
1923 3123 2080 3208 abituros,

238 3279 252 3306 ·
286 3248 431 3321 utillud
463 3271 506 3318 ex
532 3247 717 3319 Suetonii
752 3247 860 3340 potins
895 3257 927 3316 et
951 3247 1147 3320 Macrobii
1182 3247 1264 3317 locis
1298 3258 1493 3338 congestum
1518 3269 1590 3317 esse
1622 3247 1745 3330 dicant,
1778 3247 1878 3318 etad
1910 3270 2082 3320 commen-

288 3373 432 3444 dandam
462 3373 548 3442 hanc
574 3371 798 3442 coniecturam
824 3371 859 3440 id
885 3381 1048 3464 premant,
1081 3371 1223 3440 loannes
1249 3371 1320 3442 Sar.
1349 3372 1470 3442 mirum
1497 3394 1572 3442 esse
1597 3381 1800 3462 quantopere
1826 3394 1902 3442 cum
1924 3371 2081 3442 Suetonio

288 3521 328 3570 ac
351 3498 522 3571 llacrolrio
548 3499 711 3568 concinat.
762 3499 891 3600 Verum
920 3497 949 3565 si
983 3496 1058 3589 quis
1083 3506 1188 3566 totum
1221 3519 1293 3567 sese
1319 3497 1354 3566 in
1380 3495 1575 3578 honorem,
1609 3495 1803 3589 impeditam
1836 3517 1916 3566 sane
1941 3506 1974 3566 et
1998 3517 2081 3565 cou-

287 3631 418 3704 tortam‚
444 3621 645 3692 immerserit
668 3643 779 3712 neque
796 3643 831 3689 se
850 3630 988 3691 externa
1013 3620 1123 3712 specie
1141 3619 1250 3714 decipi
1275 3619 1427 3714 patiatur,
1454 3621 1508 3691 vix
1527 3619 1652 3702 dubito,
1678 3620 1760 3713 quin
1786 3617 1873 3689 hanc
1888 3617 2081 3711 opinionem

288 3747 497 3840 depositurus
522 3745 573 3815 sit.
624 3745 800 3817 Molestum
833 3743 968 3837 quidem
996 3753 1044 3814 est
1076 3743 1230 3827 etmihi,
1264 3767 1303 3813 ea
1330 3767 1539 3826 enumerare,
1575 3753 1607 3814 et
1639 3745 1765 3827 lectori,
1800 3767 1840 3814 ea
1864 3744 1977 3815 omnia
2002 3765 2082 3839 per·

288 3872 414 3964 legere,
441 3892 528 3963 quae
554 3869 595 3939 ad
621 3869 714 3938 litem
740 3868 833 3938 illam
859 3866 1107 3939 diiudicandam
1133 3868 1261 3962 aliquid
1293 3869 1438 3976 habeant
1462 3869 1639 3950 momenti;
1672 3868 1730 3940 sed
1762 3891 1838 3940 cum
1864 3889 1917 3939 res
1942 3868 2014 3961 ipsa
2039 3868 2082 3940 sit

289 3995 495 4088 gravissima,
526 4017 567 4064 ea
592 4002 682 4064 certe
708 3993 907 4085 proferenda
933 4003 1041 4077 erunt,
1077 3995 1198 4088 quihus
1232 3995 1347 4088 primis
1377 3994 1473 4086 quasi
1498 3993 1596 4064 lineis
1621 4003 1688 4064 tota
1714 3991 1864 4087 quaestio
1890 3990 2081 4062 adumbrari

289 4119 402 4213 possit.

390 4242 538 4312 Primum
565 4241 669 4332 igitur
693 4241 854 4310 loannem
881 4242 953 4310 Sar.
979 4240 1129 4333 pleniore
1154 4241 1285 4334 saepius
1311 4252 1343 4312 et
1377 4241 1532 4314 uberiore
1565 4243 1615 4314 uti
1637 4265 1751 4314 rernm
1777 4241 1987 4313 enarratione
2020 4242 2081 4313 de-

290 4365 538 4460 prehendimus,
565 4386 665 4459 quam
691 4363 951 4447 Suetonium,
985 4386 1095 4456 neque
1128 4363 1161 4432 id
1189 4372 1318 4434 tautum
1353 4386 1465 4457 agere,
1498 4377 1536 4436 nt
1564 4387 1650 4458 quas
1676 4389 1696 4437 a
1722 4365 1881 4437 Suetonio
1912 4373 2080 4435 mutuatus

292 4501 372 4574 erat,
397 4490 508 4562 verbis
533 4499 714 4582 exaggeret
739 4500 771 4560 et
796 4489 831 4558 iu
858 4489 966 4560 maius
993 4499 1125 4580 augeat,
1151 4491 1210 4560 sed
1227 4491 1326 4583 plane
1351 4511 1436 4560 nora
1463 4489 1629 4560 interdum
1650 4489 1819 4574 exhibere,
1846 4511 1932 4582 quae
1949 4487 2079 4559 anullo

290 4624 439 4686 veterum
466 4624 636 4685 auctorum
662 4613 785 4684 tradita
809 4614 886 4684 sint.
938 4615 1007 4686 Cir.
1034 4637 1087 4684 ex.
1114 4636 1165 4706 gr.

341 4741 430 4810 Suet.
456 4739 550 4808 Caes.
570 4737 633 4807 l5s
659 4747 694 4809 ut
722 4790 730 4808 .
759 4790 768 4808 .
797 4789 805 4807 .
834 4788 842 4807 .
870 4737 1031 4808 calvitii.
1059 4791 1068 4808 .
1097 4789 1142 4808 ..
1279 4741 1305 4810 l.
1333 4742 1405 4809 Sar.
1431 4739 1501 4808 Pol.
1527 4739 1584 4819 iil,
1613 4738 1671 4820 li,
1692 4740 1752 4809 lli:
1782 4738 1865 4810 Cum
1891 4737 1982 4809 enim
2008 4737 2080 4808 cal·

291 4863 533 4934 deformitatem
566 4863 773 4955 iniquissime
803 4863 915 4944 lerret,
947 4885 1048 4956 saepe
1081 4861 1145 4932 ob·
1229 4863 1347 4934 vitium
1374 4862 1582 4955 iniquissime
1608 4866 1720 4947 ferret,
1747 4875 1780 4936 et
1796 4863 2006 4934 deiicientem
2023 4885 2081 4933 ca-

292 4995 503 5056 trectatorum
529 4985 611 5055 iocis
636 4985 818 5056 obnoxiam
836 4997 1003 5079 expertus.
1046 4987 1144 5057 ldeo-
1230 4987 1348 5080 pillum
1375 5011 1395 5058 a
1416 4986 1544 5057 cervice
1570 4997 1770 5060 convocaret
1794 4985 1836 5056 ad
1862 4987 2014 5068 frontem,
2039 4985 2080 5056 od

292 5135 358 5204 que
385 5121 418 5180 et
443 5108 651 5180 deficientem
679 5110 837 5204 capillum
856 5134 1013 5182 revocare
1031 5133 1049 5181 a
1066 5133 1144 5182 ver·
1230 5113 1315 5182 irato
1339 5112 1440 5182 milite
1459 5113 1488 5181 ei
1510 5113 1628 5181 dictum
1654 5125 1712 5180 ert:
1738 5111 1877 5180 Facilior
1893 5123 1936 5180 est
1953 5110 2078 5192 Cursor,

291 5235 356 5307 tioe
382 5244 582 5306 assueverat.
1229 5249 1258 5304 te
1282 5235 1404 5306 cuicum
1428 5258 1493 5306 non
1518 5257 1590 5316 esse,
1616 5256 1712 5324 quom
1736 5257 1784 5302 mr
1804 5236 1841 5304 in
1858 5235 1995 5304 marito
2011 5235 2079 5303 lio-

1229 5383 1325 5430 mono
1338 5362 1506 5452 quicquum
1519 5361 1617 5450 spisse
1628 5357 1677 5428 orl
1689 5373 1834 5430 arturum
1848 5381 1910 5430 esre
1921 5359 2078 5428 timidius.

1822 5499 1841 5558 'l
