4982 6280
1166 2140 1215 2228 1.

399 2371 494 2488 Sunt
519 2417 605 2487 inter
629 2416 828 2510 philologos,
856 2417 980 2510 quide
1007 2427 1053 2487 tot
1078 2391 1225 2488 veterum
1252 2417 1448 2510 scriptorum
1481 2418 1604 2490 iactura
1631 2420 1884 2513 naufragioque,
1911 2445 2021 2515 neque
2047 2419 2081 2492 id

295 2541 480 2624 immerito,
513 2563 717 2633 magnopere
752 2551 1014 2633 conquerantur;
1050 2539 1108 2610 alii
1136 2550 1252 2609 contra
1281 2540 1352 2610 sthi.
1378 2563 1451 2610 eam
1485 2543 1710 2632 congratulari
1735 2543 1904 2615 videntur:
1939 2567 2080 2637 quorum

295 2666 369 2737 illos
394 2667 506 2737 videas
532 2667 566 2736 in
593 2690 632 2736 eo
658 2666 873 2748 desudantes,
894 2676 940 2744 ,ut
966 2689 1033 2759 qua
1057 2666 1184 2735 ratione
1210 2665 1413 2756 antiquitatis
1439 2665 1601 2758 reliquiae
1628 2667 1662 2736 in
1688 2668 1798 2738 lucem
1832 2667 1979 2761 protrahi
2004 2690 2082 2760 pos-

294 2790 377 2872 sint,
404 2789 582 2881 diligenter
606 2785 822 2882 inquirant*);
849 2788 885 2857 hi
910 2811 953 2858 ue
980 2797 1137 2881 exoptant
1162 2787 1315 2880 quidem,
1342 2789 1390 2858 uti
1415 2811 1469 2858 res
1495 2791 1560 2860 illis
1593 2813 1750 2883 prospere
1776 2791 1887 2874 cedat,
1915 2793 1968 2862 vel
1994 2803 2081 2864 certe

295 2916 430 2987 illorum
454 2917 625 2987 laboribus
650 2917 767 3009 spretis
799 2916 931 2985 nonnisi
964 2938 1064 2985 caeco
1090 2915 1181 2984 casui
1207 2914 1387 2984 confidunt.
1436 2914 1517 2986 Mihi
1544 2937 1634 2997 vero,
1661 2937 1734 2985 cum
1764 2915 1796 2984 in
1823 2916 1991 2988 Monachii
2016 2919 2082 2987 Pa-

293 3041 515 3135 risiorumque
541 3039 749 3110 bibliothecis
775 3062 938 3121 versarer,
963 3039 1067 3109 multa
1091 3039 1126 3106 in
1149 3035 1317 3107 codicibus
1344 3059 1445 3108 manu
1470 3039 1600 3131 scriptis
1618 3038 1727 3108 adhuc
1752 3038 1855 3107 latere
1873 3038 2079 3123 videbantur,

294 3166 395 3257 digna
420 3189 506 3258 quae
533 3165 808 3255 investigareutur
833 3177 932 3257 atque
959 3164 1145 3243 ederentur,
1185 3184 1307 3254 eosque
1338 3162 1451 3231 felices
1480 3161 1731 3255 praedicabam,
1768 3162 1888 3254 quibus
1923 3163 1956 3233 iu
1991 3175 2081 3236 tauta

292 3290 456 3360 librorum
481 3290 576 3382 copia
601 3288 838 3382 perscrutanda
863 3288 957 3381 quasi
977 3288 1107 3358 hclnari
1131 3289 1257 3358 liceret.
1299 3291 1341 3372 Et
1359 3311 1426 3382 quo
1444 3288 1550 3380 magis
1574 3290 1614 3361 de
1632 3277 1915 3360 nobilissimorum
1941 3291 2081 3383 scripto-

292 3438 368 3484 rum
393 3414 486 3485 libris
513 3416 547 3484 in
573 3413 720 3483 medium
746 3413 981 3507 protrahendis
1006 3414 1238 3505 desperabam,
1265 3437 1304 3484 eo
1330 3413 1437 3504 magis
1463 3412 1505 3482 ad
1531 3437 1587 3484 eos
1609 3425 1769 3495 auctores,
1796 3436 1878 3506 quos
1904 3425 2080 3506 argenteae

294 3547 327 3608 et
352 3561 475 3607 aeneae
501 3537 598 3607 aetati
624 3538 725 3628 vulgo
751 3517 947 3620 attribuunt,
978 3539 1141 3608 latitantes
1166 3539 1277 3609 adhuc
1302 3539 1336 3608 in
1362 3539 1638 3610 bibliothecarum
1664 3540 1847 3610 recessibus
1879 3541 2080 3633 obrutosque

291 3663 457 3734 oblivione
484 3663 612 3733 aditum
638 3664 780 3756 aperiri,
807 3664 893 3734 etsi
920 3664 1027 3733 minus
1054 3664 1183 3756 integra
1211 3687 1327 3758 opera,
1354 3672 1522 3733 attamen
1559 3673 1714 3756 excerpta
1740 3673 1771 3732 et
1797 3664 1980 3754 fragmenta
2007 3664 2079 3735 erui

291 3809 386 3882 posse
420 3786 501 3857 mihi
532 3787 784 3879 persuadebam.
835 3788 941 3878 igitur
972 3789 1105 3860 animus¹
1129 3789 1162 3858 in
1199 3789 1270 3859 dies
1296 3789 1401 3880 magis
1428 3788 1664 3858 incendebatur
1699 3788 1993 3882 describebamque
2025 3813 2079 3859 se-

291 3911 382 3992 dulo,
409 3912 562 4004 quamvis
588 3912 744 4004 temporis
770 3912 931 4003 angustiis
957 3911 1135 3982 admodum
1158 3936 1302 4005 pressus,
1328 3912 1433 3982 multa
1460 3911 1581 3980 inedita
1603 3923 1635 3980 et
1655 3911 1689 3980 in
1714 3934 1807 3984 meos
1829 3911 2079 4006 amicorumque

291 4057 368 4104 usus
393 4034 500 4104 varios
526 4033 693 4104 variorum
720 4047 891 4105 auctorum
918 4034 1047 4103 codices
1081 4036 1301 4106 excutiebam.
1352 4034 1414 4104 llla
1441 4045 1496 4116 ut,
1528 4058 1570 4103 ex
1598 4044 1691 4128 parte
1725 4036 1861 4116 saltem,
1890 4056 1978 4104 nunc
2012 4036 2078 4106 iam

293 4157 447 4239 ederem,
484 4157 615 4249 impulit
643 4179 696 4226 me
728 4157 832 4227 animi
864 4158 999 4251 quidam
1034 4158 1197 4251 impetus,
1230 4157 1422 4251 primusque
1459 4160 1651 4251 scriptorem
1689 4158 1854 4250 quendam
1891 4161 2078 4229 Romanum

292 4278 430 4389 aggredi
455 4301 588 4349 mecum
614 4280 777 4361 constitui,
804 4303 904 4370 quem
929 4280 990 4349 sub
1017 4281 1160 4349 Traiano
1186 4280 1387 4373 imperatore
1412 4281 1534 4352 vixisse
1561 4281 1739 4352 admodum
1766 4281 1924 4352 credibile
1951 4292 2011 4354 est.

389 4401 517 4484 Quodsi
549 4425 628 4473 vero
661 4425 810 4494 unquam
835 4403 997 4473 iuveniles
1024 4428 1122 4474 curae
1149 4405 1357 4497 indulgentia
1383 4407 1572 4476 criticorum
1598 4407 1762 4498 indigent,
1798 4418 1867 4478 tum
1894 4409 1976 4480 mihi
2001 4408 2078 4477 vix-

291 4523 371 4594 dum
395 4524 436 4596 ab
462 4524 660 4595 academicis
690 4525 805 4596 studiis
831 4526 866 4595 in
892 4528 1031 4620 patriam
1057 4549 1191 4597 reverso
1216 4527 1316 4599 huius
1345 4529 1513 4623 scriptoris
1540 4530 1658 4600 edendi
1692 4534 1823 4601 veniam
1857 4530 1930 4600 dari
1964 4528 2075 4612 velim,

289 4676 357 4723 non
383 4654 471 4747 quod
498 4655 686 4746 argumenti
711 4656 906 4725 tenuitatem
933 4655 1092 4737 incusem,
1119 4656 1208 4725 unde
1234 4656 1346 4724 nescio
1372 4677 1415 4724 an
1441 4655 1561 4747 aliquis
1584 4665 1672 4724 certe
1692 4654 1817 4724 fructus
1835 4652 2076 4724 redundaturus

289 4777 391 4846 sitin
417 4777 619 4870 antiquitatis
645 4778 768 4860 studia,
803 4780 860 4848 sed
892 4778 935 4849 ob
970 4779 1003 4849 id
1040 4782 1262 4875 potissimum,
1298 4780 1387 4876 quod
1412 4780 1581 4851 laboribus
1606 4780 1765 4874 susceptis
1790 4802 1843 4848 me
1869 4779 1925 4850 vix
1950 4800 2075 4870 parem,

288 4900 458 4992 multaque
484 4900 717 4992 praetermissa
742 4923 812 4970 esse
839 4903 993 4984 sentiam,
1020 4926 1106 4995 quae
1132 4903 1174 4972 ad
1200 4903 1366 4997 inceptum
1389 4904 1516 4974 lelicius
1543 4891 1800 4997 perpetrandum
1820 4903 1960 4984 valeant,
1986 4902 2077 4972 mul·
2110 4979 2118 4990 ,

288 5035 388 5120 taque
415 5036 524 5095 errata
549 5027 696 5109 fortasse,
724 5049 811 5119 quae
838 5027 896 5097 alii
922 5026 1041 5097 melius
1067 5027 1327 5099 administraturi
1348 5040 1452 5100 erant.
1490 5032 1574 5099 Nam
1598 5051 1665 5099 non
1683 5030 1793 5099 solum
1813 5028 1915 5121 ipsius
1935 5029 2076 5124 scripto-

264 5342 269 5356 .
371 5297 403 5370 *J
426 5297 489 5360 clr.
511 5316 558 5360 ex.
580 5317 624 5376 gr.
646 5299 783 5376 Malven,
813 5301 911 5362 ueber
932 5301 982 5362 die
1005 5301 1133 5372 Quellen
1161 5304 1248 5364 einer
1267 5303 1462 5382 moeglichen
1483 5301 1791 5383 Wiederanfflndung
1811 5302 1869 5366 der
1889 5303 2074 5368 verlorenen

291 5394 449 5459 Schriften
471 5401 530 5460 eto.
571 5397 666 5458 Wien
689 5399 777 5460 1838.

1818 5520 1833 5582 1
