4982 6280
1047 615 1293 684 -2p...

684 831 708 884 3.
733 812 933 882 Democrates
975 832 1052 880 cum
1093 810 1373 900 interrogaretur,
1424 806 1505 900 qnid
1548 807 1634 879 inter
1682 805 1834 878 homines
1875 829 2065 900 pecoraque

685 959 710 1010 3.
734 935 881 1016 distaret,
909 935 1082 1026 Sapienter
1107 935 1243 1018 sentire,
1268 933 1449 1028 respondit.
1501 934 1724 1004 sotertes
1746 934 1892 1004 Dixit.-

477 1079 524 1132 Ν.
540 1079 582 1130 ne
599 1076 658 1129 nne.
685 1078 708 1128 3.
735 1060 770 1130 si
795 1059 881 1129 nihil
905 1059 1016 1140 discis,
1042 1058 1196 1128 dediscis.
1246 1059 1298 1127 De
1321 1059 1384 1151 fide
1401 1051 1549 1130 'Socrates
1575 1059 1683 1129 atate:
2080 1075 2163 1130 333.

685 1202 710 1254 a.
734 1183 807 1256 Viri
832 1183 913 1253 boni
938 1196 998 1264 est,
1026 1194 1059 1252 et
1084 1205 1150 1252 non
1176 1181 1360 1276 pollicitam
1387 1182 1488 1252 iidem
1512 1205 1659 1254 servare.
1711 1184 1787 1253 Coto
1811 1205 1905 1252 scaea
1929 1184 2028 1264 dixit,

734 1306 920 1379 Maximum
945 1305 1128 1376 maioribus
1153 1305 1273 1374 nostris
1297 1305 1402 1374 telum
1428 1304 1530 1375 iidem
1556 1304 1670 1389 fuisse,
1706 1327 1749 1374 ex
1774 1328 1841 1398 quo
1865 1305 1978 1398 plures
2003 1327 2067 1400 pa·

737 1454 775 1500 ce
800 1440 985 1522 susceptae,
1012 1452 1114 1522 qnam
1140 1428 1229 1500 bello
1255 1441 1370 1520 gentes
1400 1431 1525 1500 luerint
1548 1430 1709 1502 denelae.

407 1581 433 1632 3.
464 1575 711 1644 morspecensis.
736 1559 867 1628 Nocens
893 1558 939 1640 fit,
965 1555 1025 1627 ubi
1050 1556 1235 1625 succumbit
1259 1554 1353 1626 lides.
1403 1558 1455 1626 De
1475 1559 1638 1650 patientia
1662 1556 1805 1626 Socrates
1831 1555 1928 1624 dicit.
2099 1565 2115 1618 5

646 1700 669 1748 1.
686 1697 710 1747 3.
734 1682 896 1752 Patientia
922 1682 1132 1753 miseriarum
1160 1693 1274 1776 portus
1300 1695 1359 1753 est.
1410 1685 1569 1776 Diopmes
1595 1685 1700 1754 dimit:

736 1807 789 1880 Ad
823 1807 1089 1878 emendationem
1125 1810 1177 1879 sui
1211 1801 1486 1903 unumquemque
1511 1816 1661 1880 nostrum
1696 1807 1822 1878 habere
1855 1805 1978 1876 dehere
2012 1811 2069 1876 aut

425 1947 711 2002 stamineorum
737 1931 833 2002 valde
868 1933 1013 2002 amicum
1046 1941 1103 2001 333
1134 1931 1232 2002 valde
1267 1933 1453 2002 inimicum.
1503 1933 1554 2002 Dc
1588 1934 1769 2002 innocentio
1795 1931 1886 2001 Plato
1911 1930 2030 1999 dimitz.

737 2055 957 2148 Triumphum
984 2055 1194 2125 innocentiae
1226 2056 1334 2126 solum
1365 2077 1437 2124 esse
1471 2078 1539 2125 non
1572 2079 1711 2150 peecare
1741 2054 1799 2126 ulti
1828 2054 1927 2123 liceat
1959 2073 2067 2145 posse.

462 2197 523 2252 vlt
547 2197 588 2250 De
605 2199 652 2248 m.
688 2198 711 2248 1.
736 2180 787 2249 De
822 2182 876 2250 iro
914 2179 1111 2271 flptltaporus
1148 2183 1235 2251 dimit
1276 2175 1438 2251 iracundo
1481 2180 1633 2252 cuidam:
1677 2204 1744 2274 quo
1785 2181 1897 2250 minus
1934 2199 2067 2269 presse·
2085 2181 2118 2232 ¹⁰

736 2303 782 2376 tis
816 2303 920 2385 iram,
956 2303 1020 2372 hac
1052 2305 1094 2374 ab
1129 2305 1180 2374 ira
1211 2304 1318 2396 magis
1351 2304 1533 2398 premeris;
1565 2316 1645 2375 tunc
1679 2303 1768 2376 enim
1803 2303 2068 2397 nosiucipimus

736 2426 832 2496 nohis
857 2426 967 2508 irasci,
995 2448 1072 2496 cnm
1097 2427 1173 2496 aliis
1198 2427 1406 2510 desinamus;
1445 2427 1546 2498 finem
1571 2449 1717 2522 namque
1743 2428 1813 2498 irae
1839 2429 1971 2499 initium
1996 2449 2068 2497 esse

686 2565 710 2614 ο.
737 2550 970 2642 poenitentiae.
1023 2550 1125 2620 Liber
1159 2573 1226 2621 non
1263 2561 1326 2632 est,
1366 2574 1467 2644 quem
1501 2553 1664 2645 superbus
1702 2552 1888 2624 inllammet
1924 2551 2067 2622 animus.

685 2691 710 2742 3.
736 2673 919 2743 Iracundus
958 2695 1034 2743 cum
1074 2675 1174 2744 irasci
1210 2674 1357 2758 desierit,
1396 2684 1475 2746 tunc
1515 2676 1667 2747 irascitur
1729 2677 1871 2748 Socrates
1885 2745 1887 2750 Α
1903 2677 2000 2746 dixit.

399 2812 423 2861 4.
457 2809 530 2862 vm
551 2811 593 2862 ne
610 2815 710 2866 nmero.
737 2797 812 2868 sibi.
863 2797 1042 2889 Respicere
1067 2799 1116 2868 nil
1144 2799 1314 2871 consuevit
1339 2800 1522 2871 iracundia.
1688 2801 1739 2870 Dc
1764 2803 1875 2871 timore
1899 2801 1969 2870 De-
2085 2805 2118 2857 1⁵

687 2941 710 2990 1.
736 2923 820 2993 Cum
847 2921 969 2990 timidis
997 2923 1097 2991 etiam
1123 2922 1253 2993 somnia
1276 2922 1404 2993 bellum
1430 2945 1559 3012 gerere.
1690 2946 1833 3014 mopmes
1858 2923 1956 2993 atate.

687 3063 710 3114 3.
736 3043 912 3117 Desiderio
936 3045 1057 3115 melius
1084 3046 1186 3115 vitam
1212 3068 1312 3139 33333
1337 3047 1457 3116 timore
1484 3045 1653 3117 custodiri.
1718 3047 1896 3118 Aristoteles
1921 3047 2019 3116 dimit.

738 3172 826 3240 Eum
866 3167 974 3252 enim,
1014 3167 1072 3260 qui
1111 3169 1229 3239 timore
1263 3170 1353 3262 turpi
1391 3170 1478 3240 vitae
1516 3169 1711 3264 prospiciat,
1746 3171 1822 3263 plus
1857 3145 1965 3259 magis
2002 3165 2071 3238 vita

689 3313 714 3364 3.
739 3318 841 3387 qnam
866 3305 973 3364 morte
1002 3295 1161 3386 torqueri.
1309 3296 1452 3366 Socrates
1477 3299 1586 3368 ateis.-
1784 3293 1844 3381 [tes
1869 3294 1968 3364 dimit.

486 3433 536 3486 tx.
556 3433 712 3489 pecctore.
738 3418 903 3489 Audendo
928 3419 1033 3490 virtus
1060 3418 1190 3501 crescit,
1216 3419 1378 3490 tardando
1404 3421 1514 3492 timor.
1695 3422 1746 3491 Dc
1771 3420 1878 3490 dolore
1901 3418 2018 3487 Socra·
2084 3435 2119 3488 33

441 3551 478 3602 x.
494 3551 536 3604 ne
553 3553 659 3606 invitm
689 3558 712 3606 1.
738 3543 863 3614 Dolore
890 3543 1045 3625 vincitur,
1072 3543 1131 3634 qui
1156 3541 1306 3613 dolorem
1332 3543 1475 3615 dolendo
1492 3567 1560 3616 non
1577 3541 1712 3637 patitur.
1750 3544 1801 3612 De
1816 3543 1945 3613 e'aoidr'a
1962 3541 2070 3610 Simo-

274 3778 434 3846 Drscnnr.
462 3775 546 3846 Con.
573 3777 805 3848 Monncunsrs:
833 3776 891 3847 85.
919 3801 949 3848 3.
1004 3777 1202 3848 6133333333
1242 3788 1260 3866 Η
1309 3777 1348 3843 31
1377 3777 1496 3868 rimeris
1531 3786 1549 3867 Η
1591 3775 1632 3850 39
1660 3774 1815 3866 torpueris
1852 3783 1870 3866 Η
1907 3777 1953 3840 20
1980 3772 2070 3840 33333

711 3903 786 3971 Aad
812 3913 844 3970 et
869 3903 949 3972 eodo
973 3905 988 3972 i
1014 3924 1146 3972 erasum
1172 3911 1221 3971 est
1266 3892 1283 3973 ΙΙ
1318 3902 1362 3970 21
1392 3901 1569 3992 symonides
1603 3893 1622 3982 ΙΙ

352 4147 405 4224 ΙΠ,
431 4149 459 4208 5.
489 4146 542 4207 W.
564 4146 602 4207 B.
622 4146 835 4226 Interrogatus
856 4147 1107 4226 Democritus,
1129 4150 1203 4226 quid
1223 4151 1305 4210 iuter
1324 4150 1466 4212 homines
1489 4152 1521 4209 33
1542 4165 1658 4227 pecora
1678 4146 1819 4222 distaret,
1840 4147 1886 4208 333
1906 4145 2070 4226 Sapienter

273 4243 572 4306 construemus
599 4247 647 4305 89.
668 4245 698 4304 b.
720 4249 748 4306 2.
787 4248 804 4318 ll
841 4247 897 4309 33.
921 4265 948 4308 3.
990 4247 1052 4309 Cir.
1073 4249 1160 4309 Lind.
1188 4251 1262 4310 tet
1281 4248 1334 4308 W.
1355 4248 1390 4308 B.
1411 4247 1501 4309 Geta:
1526 4247 1638 4309 Docuit
1663 4247 1883 4326 rempublicam
1903 4246 2069 4308 virtutibus

273 4343 373 4420 magis
396 4361 486 4420 qnam
508 4345 602 4403 armis
625 4359 696 4403 esse
718 4346 869 4405 tuendam.
901 4341 918 4410 ll
945 4345 986 4424 V,
1007 4350 1036 4408 2.
1077 4347 1157 4408 Ρ333.
1179 4347 1219 4407 de
1238 4346 1402 4425 protect.
1393 4366 1424 4406 33
1445 4344 1632 4416 virseret:
1641 4345 1739 4407 033133
1765 4363 1835 4424 opp.
1858 4343 1966 4406 Gracc.
1991 4347 2070 4407 3333.

274 4447 307 4502 33
333 4458 408 4502 mor.
429 4442 466 4518 11,
496 4439 584 4512 112):
611 4436 765 4526 Διογένης
789 4434 875 4524 ἔλεγε
900 4443 950 4526 aqi
976 4437 1152 4555 σωτηρίας
1165 4439 1305 4552 δεομὲνρο
1330 4439 1432 4529 ζητεῖν
1456 4433 1633 4560 προσήκειν
1657 4432 1678 4529 ἢ
1672 4433 1806 4527 φίλον
1833 4429 2071 4520 οποοόαἴον,“
2048 4463 2069 4526 η

273 4526 433 4653 διάπυρον
453 4527 620 4620 ἐχθρόο,’
606 4559 699 4612 οπως
718 4527 962 4622 ἐλ3γχόμενος“
940 4565 960 4626 η
982 4528 1246 4624 θεραπευόμενος
1266 4528 1442 4628 ἇποφειίγρ
1463 4563 1520 4628 την
1539 4536 1659 4604 κακίαν.
1696 4543 1748 4602 W
1769 4541 1805 4602 B.
1827 4541 1996 4618 Diogenes:
2017 4539 2070 4601 Ad

274 4656 301 4698 3.
324 4638 373 4698 333
394 4639 650 4713 unusquisquam
670 4638 700 4698 h.
723 4639 816 4698 debet
837 4643 894 4699 etc.
929 4641 945 4711 ΙΙ
982 4639 1285 4716 VI,1=Per.15.
1324 4637 2071 4719 33333333,72((133333333Ρ1333333)33

274 4734 643 4814 sp.d.5,1't(Plata):
673 4737 855 4814 Triumphus
882 4742 931 4798 333
963 4739 1156 4799 innocentiae
1181 4754 1243 4798 nan
1263 4785 1270 4799 .
1291 4781 1299 4798 .
1322 4780 1329 4796 .
1351 4784 1358 4798 .
1379 4755 1483 4816 posse.
1524 4740 1602 4799 item
1622 4737 1675 4797 W.
1696 4735 1730 4797 B.
1751 4736 1849 4797 Plato.
1894 4741 1911 4810 Η
1952 4734 2019 4810 Vll,
2044 4740 2069 4796 1.

274 4835 328 4894 W.
341 4832 375 4893 B.
390 4834 598 4912 Pythagoras:
624 4834 701 4895 33333
722 4835 862 4896 dicebat:
885 4853 945 4912 quo
966 4854 1007 4897 m.
1026 4853 1056 4914 p.
1079 4837 1098 4896 i.
1120 4854 1158 4898 33
1180 4837 1277 4915 magis
1297 4838 1337 4896 ab
1359 4837 1407 4898 333
1427 4838 1587 4916 premeris.
1617 4837 1699 4897 'lunc
1720 4836 1880 4914 incipimus
1900 4853 1929 4894 3.
1952 4835 1973 4894 3.
1994 4851 2019 4895 ο.
2040 4852 2068 4896 3.

275 4933 371 4994 irasci
393 4934 579 4994 desinamus:
601 4933 669 4994 linis
692 4933 772 4993 euim
793 4935 859 4994 3333
880 4935 897 4994 i.
921 4938 970 4996 333
990 4953 1018 5012 p.
1040 4933 1157 4995 Liber.
1172 4978 1202 4994 ..
1218 4980 1225 4994 .
1240 4936 1368 4996 animus.
1404 4934 1421 5006 ll
1463 4949 1497 4998 33
1517 4934 1678 5012 presseris]
1700 4935 1720 4994 i.
1743 4952 1771 4995 e.
1791 4937 2007 5010 compresseris.
2028 4966 2070 4979 -

274 5033 422 5092 Psameris
441 5031 508 5093 Fut.
546 5041 563 5110 ΙΙ
607 5046 640 5095 ts
662 5033 857 5110 Deraapeaer]
879 5037 1095 5111 Hermogenes?
1116 5033 1201 5105 (Per.
1224 5033 1259 5105 t)
1287 5035 1453 5112 Diogenes?
1479 5035 1707 5094 Demosthenes?
1729 5031 1793 5104 (33.
1816 5049 1842 5091 3.
1864 5033 1883 5090 t
1905 5034 1937 5092 33
1959 5031 2013 5100 ts)
2044 5025 2062 5096 ll

280 5143 314 5194 33
332 5129 415 5207 plac]
438 5131 601 5192 delendum
624 5135 682 5192 cst.
717 5128 733 5198 ll
766 5132 848 5209 Vlll,
870 5136 897 5194 3.
939 5134 973 5195 Ρ.
995 5134 1064 5212 Syr:
1085 5135 1124 5193 63
1146 5133 1196 5192 03.
1218 5130 1271 5203 (61
1294 5133 1393 5204 Zell):
1415 5133 1567 5194 Audendo
1589 5177 1597 5192 .
1679 5178 1686 5193 .
1707 5133 1809 5194 333333.
1850 5129 1904 5190 W.
1924 5131 1958 5191 B.
1981 5129 2068 5192 Socr.

275 5229 439 5290 Audienda
462 5229 512 5299 (ut
532 5230 679 5307 scriptum
700 5233 768 5290 erat
788 5249 833 5309 pr.
854 5250 891 5294 m.
919 5232 950 5291 in
972 5231 1070 5303 Mon.)
1097 5234 1196 5293 virtus
1222 5233 1384 5310 plurimum
1410 5232 1531 5307 crescit,
1556 5231 1705 5292 tardando
1734 5234 1835 5291 333333
1860 5234 1890 5288 et
1909 5227 2002 5299 (del.)
2024 5230 2069 5288 33-

275 5345 351 5390 3333.
381 5333 398 5405 Ι]
427 5328 465 5403 Χ,
489 5332 515 5388 1.
547 5329 599 5388 W.
620 5327 656 5388 B.
677 5328 865 5390 Simonides:
886 5331 1098 5409 Interrogatus
1120 5335 1170 5392 est
1190 5331 1219 5392 S.
1243 5331 1396 5408 quomodo
1418 5330 1554 5392 evadere
1575 5331 1680 5392 valeat
1701 5331 1769 5407 quis
1791 5328 1864 5390 odia
1884 5329 2068 5391 invidorum.

275 5425 464 5505 Respondit:
485 5425 611 5488 luridos
633 5444 692 5488 non
713 5429 854 5505 patieris,
876 5430 904 5490 si
925 5430 1003 5490 nihil
1023 5429 1161 5492 feliciter
1180 5431 1328 5510 gesseris.
