<?xml version="1.0" encoding="UTF-8"?>
<!DOCTYPE html PUBLIC "-//W3C//DTD XHTML 1.0 Transitional//EN"
    "http://www.w3.org/TR/xhtml1/DTD/xhtml1-transitional.dtd">
<html xmlns="http://www.w3.org/1999/xhtml" xml:lang="en" lang="en">
 <head>
  <title>
</title>
<meta http-equiv="Content-Type" content="text/html;charset=utf-8" />
  <meta name='ocr-system' content='tesseract 3.04.00' />
  <meta name='ocr-capabilities' content='ocr_page ocr_carea ocr_par ocr_line ocrx_word'/>
</head>
<body>
  <div class='ocr_page' id='page_1' title='image "./denugisphilosop00publgoog_0096.png"; bbox 0 0 4982 6280; ppageno 0'>
   <div class='ocr_carea' id='block_1_1' title="bbox 993 527 1239 600">
    <p class='ocr_par' dir='ltr' id='par_1_1' title="bbox 993 527 1239 600">
     <span class='ocr_line' id='line_1_1' title="bbox 993 527 1239 600; baseline -0.024 -14"><span class='ocrx_word' id='word_1_1' title='bbox 993 527 1239 600; x_wconf 67' lang='lat' dir='ltr'><strong>..et-</strong></span> 
     </span>
    </p>
   </div>
   <div class='ocr_carea' id='block_1_2' title="bbox 321 691 2017 828">
    <p class='ocr_par' dir='ltr' id='par_1_2' title="bbox 321 691 2017 828">
     <span class='ocr_line' id='line_1_2' title="bbox 321 691 2017 828; baseline -0.009 -18"><span class='ocrx_word' id='word_1_2' title='bbox 321 737 393 810; x_wconf 76' lang='lat' dir='ltr'><strong>ttse</strong></span> <span class='ocrx_word' id='word_1_3' title='bbox 417 729 600 828; x_wconf 74' lang='lat' dir='ltr'><strong>quidquam</strong></span> <span class='ocrx_word' id='word_1_4' title='bbox 625 691 675 803; x_wconf 84' lang='lat' dir='ltr'><strong>est</strong></span> <span class='ocrx_word' id='word_1_5' title='bbox 699 745 831 808; x_wconf 88' lang='lat' dir='ltr'><strong>causae,</strong></span> <span class='ocrx_word' id='word_1_6' title='bbox 866 749 925 798; x_wconf 89' lang='lat' dir='ltr'><strong>cur</strong></span> <span class='ocrx_word' id='word_1_7' title='bbox 949 725 985 796; x_wconf 91' lang='lat' dir='ltr'><strong>iu</strong></span> <span class='ocrx_word' id='word_1_8' title='bbox 1019 724 1188 796; x_wconf 74' lang='lat' dir='ltr'><strong>sententiis</strong></span> <span class='ocrx_word' id='word_1_9' title='bbox 1224 723 1429 796; x_wconf 73' lang='lat' dir='ltr'><strong>intermediis</strong></span> <span class='ocrx_word' id='word_1_10' title='bbox 1462 723 1677 798; x_wconf 85' lang='lat' dir='ltr'><strong>indicativum</strong></span> <span class='ocrx_word' id='word_1_11' title='bbox 1711 723 1844 818; x_wconf 88' lang='lat' dir='ltr'><strong>saepius</strong></span> <span class='ocrx_word' id='word_1_12' title='bbox 1873 723 2017 818; x_wconf 91' lang='lat' dir='ltr'><strong>positum</strong></span> 
     </span>
    </p>
   </div>
   <div class='ocr_carea' id='block_1_3' title="bbox 214 854 2015 1067">
    <p class='ocr_par' dir='ltr' id='par_1_3' title="bbox 214 854 2015 1067">
     <span class='ocr_line' id='line_1_3' title="bbox 217 854 624 962; baseline -0.022 -30"><span class='ocrx_word' id='word_1_13' title='bbox 217 884 295 934; x_wconf 89' lang='lat' dir='ltr'><strong>esse</strong></span> <span class='ocrx_word' id='word_1_14' title='bbox 322 859 494 962; x_wconf 87' lang='lat' dir='ltr'><strong>miremur,</strong></span> <span class='ocrx_word' id='word_1_15' title='bbox 521 854 624 926; x_wconf 87' lang='lat' dir='ltr'><strong>veluti</strong></span> 
     </span>
     <span class='ocr_line' id='line_1_4' title="bbox 214 964 2015 1067; baseline -0.017 -8"><span class='ocrx_word' id='word_1_16' title='bbox 214 987 313 1059; x_wconf 72' lang='lat' dir='ltr'><strong>Heu.</strong></span> <span class='ocrx_word' id='word_1_17' title='bbox 344 983 402 1067; x_wconf 88' lang='lat' dir='ltr'><strong>1o,</strong></span> <span class='ocrx_word' id='word_1_18' title='bbox 428 978 462 1052; x_wconf 89' lang='grc'><strong>3.</strong></span> <span class='ocrx_word' id='word_1_19' title='bbox 502 979 636 1062; x_wconf 84' lang='lat' dir='ltr'><strong>Quanta</strong></span> <span class='ocrx_word' id='word_1_20' title='bbox 653 974 802 1050; x_wconf 87' lang='lat' dir='ltr'><strong>lelicinm</strong></span> <span class='ocrx_word' id='word_1_21' title='bbox 819 973 943 1067; x_wconf 86' lang='lat' dir='ltr'><strong>gandia</strong></span> <span class='ocrx_word' id='word_1_22' title='bbox 959 985 1045 1054; x_wconf 82' lang='lat' dir='ltr'><strong>root,</strong></span> <span class='ocrx_word' id='word_1_23' title='bbox 1062 980 1170 1043; x_wconf 90' lang='lat' dir='ltr'><strong>tantos</strong></span> <span class='ocrx_word' id='word_1_24' title='bbox 1186 965 1376 1042; x_wconf 85' lang='lat' dir='ltr'><strong>invidorum</strong></span> <span class='ocrx_word' id='word_1_25' title='bbox 1394 970 1537 1062; x_wconf 80' lang='lat' dir='ltr'><strong>gemitus</strong></span> <span class='ocrx_word' id='word_1_26' title='bbox 1555 993 1626 1042; x_wconf 84' lang='lat' dir='ltr'><strong>erre.</strong></span> <span class='ocrx_word' id='word_1_27' title='bbox 1655 964 1726 1058; x_wconf 88' lang='lat' dir='ltr'><strong>(W.</strong></span> <span class='ocrx_word' id='word_1_28' title='bbox 1739 972 1778 1042; x_wconf 90' lang='grc' dir='ltr'><strong>Β.</strong></span> <span class='ocrx_word' id='word_1_29' title='bbox 1801 971 1932 1056; x_wconf 61' lang='lat' dir='ltr'><strong>Quanta</strong></span> <span class='ocrx_word' id='word_1_30' title='bbox 1943 1023 1951 1040; x_wconf 87' lang='lat'><strong>,</strong></span> <span class='ocrx_word' id='word_1_31' title='bbox 1964 1025 1972 1042; x_wconf 84' lang='lat'>‚</span> <span class='ocrx_word' id='word_1_32' title='bbox 1986 1022 2015 1044; x_wconf 82' lang='grc'><strong>,,</strong></span> 
     </span>
    </p>
   </div>
   <div class='ocr_carea' id='block_1_4' title="bbox 214 1087 2015 1568">
    <p class='ocr_par' dir='ltr' id='par_1_4' title="bbox 501 1087 1256 1192">
     <span class='ocr_line' id='line_1_5' title="bbox 501 1087 1256 1192; baseline -0.012 -19"><span class='ocrx_word' id='word_1_33' title='bbox 501 1112 577 1174; x_wconf 89' lang='lat' dir='ltr'><strong>sunt</strong></span> <span class='ocrx_word' id='word_1_34' title='bbox 602 1099 737 1192; x_wconf 88' lang='lat' dir='ltr'><strong>gaudia,</strong></span> <span class='ocrx_word' id='word_1_35' title='bbox 763 1098 846 1170; x_wconf 86' lang='lat' dir='ltr'><strong>tanti</strong></span> <span class='ocrx_word' id='word_1_36' title='bbox 870 1096 1061 1169; x_wconf 84' lang='lat' dir='ltr'><strong>invidorum</strong></span> <span class='ocrx_word' id='word_1_37' title='bbox 1087 1087 1256 1185; x_wconf 79' lang='lat' dir='ltr'><strong>gemitus.)</strong></span> 
     </span>
    </p>

    <p class='ocr_par' dir='ltr' id='par_1_5' title="bbox 214 1212 2015 1436">
     <span class='ocr_line' id='line_1_6' title="bbox 214 1212 2015 1317; baseline -0.008 -10"><span class='ocrx_word' id='word_1_38' title='bbox 214 1237 312 1308; x_wconf 76' lang='lat' dir='ltr'><strong>Mon.</strong></span> <span class='ocrx_word' id='word_1_39' title='bbox 339 1232 400 1317; x_wconf 76' lang='lat' dir='ltr'><strong>dd,</strong></span> <span class='ocrx_word' id='word_1_40' title='bbox 426 1232 461 1302; x_wconf 74' lang='grc'><strong>3.</strong></span> <span class='ocrx_word' id='word_1_41' title='bbox 500 1231 576 1300; x_wconf 89' lang='lat' dir='ltr'><strong>Par.</strong></span> <span class='ocrx_word' id='word_1_42' title='bbox 606 1229 663 1298; x_wconf 94' lang='grc'><strong>11.</strong></span> <span class='ocrx_word' id='word_1_43' title='bbox 701 1225 862 1296; x_wconf 88' lang='lat' dir='ltr'><strong>Iniuriam</strong></span> <span class='ocrx_word' id='word_1_44' title='bbox 888 1223 1075 1316; x_wconf 83' lang='lat' dir='ltr'><strong>inrogatam</strong></span> <span class='ocrx_word' id='word_1_45' title='bbox 1101 1223 1172 1294; x_wconf 91' lang='lat' dir='ltr'><strong>eius</strong></span> <span class='ocrx_word' id='word_1_46' title='bbox 1198 1219 1373 1291; x_wconf 77' lang='lat' dir='ltr'><strong>infamiam</strong></span> <span class='ocrx_word' id='word_1_47' title='bbox 1399 1241 1472 1300; x_wconf 85' lang='lat' dir='ltr'><strong>esse,</strong></span> <span class='ocrx_word' id='word_1_48' title='bbox 1500 1217 1558 1310; x_wconf 92' lang='lat' dir='ltr'><strong>qui</strong></span> <span class='ocrx_word' id='word_1_49' title='bbox 1582 1219 1673 1312; x_wconf 74' lang='lat' dir='ltr'><strong>fucit.</strong></span> <span class='ocrx_word' id='word_1_50' title='bbox 1708 1212 1761 1307; x_wconf 86' lang='lat' dir='ltr'><strong>(V.</strong></span> <span class='ocrx_word' id='word_1_51' title='bbox 1787 1219 1872 1292; x_wconf 91' lang='lat' dir='ltr'><strong>Bell.</strong></span> <span class='ocrx_word' id='word_1_52' title='bbox 1898 1230 1931 1291; x_wconf 91' lang='lat' dir='ltr'><strong>et</strong></span> <span class='ocrx_word' id='word_1_53' title='bbox 1954 1225 2015 1295; x_wconf 91' lang='lat' dir='ltr'><strong>W.</strong></span> 
     </span>
     <span class='ocr_line' id='line_1_7' title="bbox 499 1341 936 1436; baseline -0.016 -12"><span class='ocrx_word' id='word_1_54' title='bbox 499 1353 593 1424; x_wconf 84' lang='lat' dir='ltr'><strong>Bnrl.</strong></span> <span class='ocrx_word' id='word_1_55' title='bbox 619 1349 761 1422; x_wconf 77' lang='lat' dir='ltr'><strong>infamia</strong></span> <span class='ocrx_word' id='word_1_56' title='bbox 785 1359 835 1420; x_wconf 86' lang='lat' dir='ltr'><strong>est</strong></span> <span class='ocrx_word' id='word_1_57' title='bbox 861 1341 936 1436; x_wconf 90' lang='lat' dir='ltr'><strong>etc.)</strong></span> 
     </span>
    </p>

    <p class='ocr_par' dir='ltr' id='par_1_6' title="bbox 215 1467 1888 1568">
     <span class='ocr_line' id='line_1_8' title="bbox 215 1467 1888 1568; baseline -0.008 -14"><span class='ocrx_word' id='word_1_58' title='bbox 215 1485 313 1556; x_wconf 74' lang='lat' dir='ltr'><strong>non.</strong></span> <span class='ocrx_word' id='word_1_59' title='bbox 340 1479 400 1562; x_wconf 87' lang='grc'><strong>33,</strong></span> <span class='ocrx_word' id='word_1_60' title='bbox 426 1480 461 1548; x_wconf 75' lang='lat'><strong>2.</strong></span> <span class='ocrx_word' id='word_1_61' title='bbox 500 1477 600 1559; x_wconf 88' lang='lat' dir='ltr'><strong>Eum,</strong></span> <span class='ocrx_word' id='word_1_62' title='bbox 627 1474 685 1568; x_wconf 92' lang='lat' dir='ltr'><strong>qui</strong></span> <span class='ocrx_word' id='word_1_63' title='bbox 711 1473 790 1544; x_wconf 91' lang='lat' dir='ltr'><strong>deos</strong></span> <span class='ocrx_word' id='word_1_64' title='bbox 816 1472 1019 1564; x_wconf 88' lang='lat' dir='ltr'><strong>imprecatur</strong></span> <span class='ocrx_word' id='word_1_65' title='bbox 1045 1521 1053 1540; x_wconf 94' lang='lat'><strong>.</strong></span> <span class='ocrx_word' id='word_1_66' title='bbox 1082 1521 1091 1539; x_wconf 93' lang='lat'><strong>.</strong></span> <span class='ocrx_word' id='word_1_67' title='bbox 1120 1522 1129 1540; x_wconf 93' lang='lat'><strong>.</strong></span> <span class='ocrx_word' id='word_1_68' title='bbox 1157 1521 1166 1538; x_wconf 94' lang='lat'><strong>.</strong></span> <span class='ocrx_word' id='word_1_69' title='bbox 1192 1468 1355 1541; x_wconf 85' lang='lat' dir='ltr'><strong>oblivisci.</strong></span> <span class='ocrx_word' id='word_1_70' title='bbox 1407 1467 1475 1540; x_wconf 86' lang='lat' dir='ltr'><strong>Cir.</strong></span> <span class='ocrx_word' id='word_1_71' title='bbox 1502 1467 1636 1561; x_wconf 85' lang='lat' dir='ltr'><strong>quoque</strong></span> <span class='ocrx_word' id='word_1_72' title='bbox 1660 1468 1703 1539; x_wconf 90' lang='lat' dir='ltr'><strong>ad</strong></span> <span class='ocrx_word' id='word_1_73' title='bbox 1727 1467 1826 1540; x_wconf 89' lang='lat' dir='ltr'><strong>Liud.</strong></span> <span class='ocrx_word' id='word_1_74' title='bbox 1853 1468 1888 1540; x_wconf 82' lang='lat' dir='ltr'><strong>d.</strong></span> 
     </span>
    </p>
   </div>
   <div class='ocr_carea' id='block_1_5' title="bbox 215 1617 2054 2952">
    <p class='ocr_par' dir='ltr' id='par_1_7' title="bbox 215 1617 2054 2952">
     <span class='ocr_line' id='line_1_9' title="bbox 321 1617 2017 1718; baseline -0.006 -18"><span class='ocrx_word' id='word_1_75' title='bbox 321 1627 451 1700; x_wconf 88' lang='lat' dir='ltr'><strong>Clarius</strong></span> <span class='ocrx_word' id='word_1_76' title='bbox 477 1625 590 1707; x_wconf 88' lang='lat' dir='ltr'><strong>etiam,</strong></span> <span class='ocrx_word' id='word_1_77' title='bbox 616 1631 740 1718; x_wconf 90' lang='lat' dir='ltr'><strong>quanta</strong></span> <span class='ocrx_word' id='word_1_78' title='bbox 762 1621 803 1692; x_wconf 89' lang='lat' dir='ltr'><strong>sit</strong></span> <span class='ocrx_word' id='word_1_79' title='bbox 824 1619 906 1690; x_wconf 88' lang='lat' dir='ltr'><strong>fides</strong></span> <span class='ocrx_word' id='word_1_80' title='bbox 925 1619 1130 1692; x_wconf 79' lang='lat' dir='ltr'><strong>Monacensis</strong></span> <span class='ocrx_word' id='word_1_81' title='bbox 1146 1619 1452 1711; x_wconf 88' lang='lat' dir='ltr'><strong>Parisinorumque,</strong></span> <span class='ocrx_word' id='word_1_82' title='bbox 1479 1617 1728 1711; x_wconf 87' lang='lat' dir='ltr'><strong>perspiciemus,</strong></span> <span class='ocrx_word' id='word_1_83' title='bbox 1756 1641 1832 1689; x_wconf 89' lang='lat' dir='ltr'><strong>cum</strong></span> <span class='ocrx_word' id='word_1_84' title='bbox 1857 1619 1892 1689; x_wconf 92' lang='lat' dir='ltr'><strong>in</strong></span> <span class='ocrx_word' id='word_1_85' title='bbox 1919 1641 2017 1690; x_wconf 89' lang='lat' dir='ltr'><strong>usum</strong></span> 
     </span>
     <span class='ocr_line' id='line_1_10' title="bbox 215 1744 2019 1842; baseline -0.004 -19"><span class='ocrx_word' id='word_1_86' title='bbox 215 1751 378 1823; x_wconf 80' lang='lat' dir='ltr'><strong>vocabuli</strong></span> <span class='ocrx_word' id='word_1_87' title='bbox 402 1771 498 1842; x_wconf 84' lang='lat' dir='ltr'><strong>quom</strong></span> <span class='ocrx_word' id='word_1_88' title='bbox 523 1745 803 1840; x_wconf 86' lang='lat' dir='ltr'><strong>inquisiverimus.</strong></span> <span class='ocrx_word' id='word_1_89' title='bbox 850 1747 925 1817; x_wconf 88' lang='lat' dir='ltr'><strong>lloc</strong></span> <span class='ocrx_word' id='word_1_90' title='bbox 951 1745 1040 1816; x_wconf 89' lang='lat' dir='ltr'><strong>enim</strong></span> <span class='ocrx_word' id='word_1_91' title='bbox 1067 1769 1143 1817; x_wconf 89' lang='lat' dir='ltr'><strong>cum</strong></span> <span class='ocrx_word' id='word_1_92' title='bbox 1169 1768 1269 1840; x_wconf 89' lang='lat' dir='ltr'><strong>saepe</strong></span> <span class='ocrx_word' id='word_1_93' title='bbox 1296 1745 1384 1816; x_wconf 90' lang='lat' dir='ltr'><strong>idem</strong></span> <span class='ocrx_word' id='word_1_94' title='bbox 1410 1745 1521 1815; x_wconf 87' lang='lat' dir='ltr'><strong>valera</strong></span> <span class='ocrx_word' id='word_1_95' title='bbox 1548 1744 1637 1837; x_wconf 92' lang='lat' dir='ltr'><strong>quod</strong></span> <span class='ocrx_word' id='word_1_96' title='bbox 1660 1745 1768 1836; x_wconf 78' lang='lat' dir='ltr'><strong>potios</strong></span> <span class='ocrx_word' id='word_1_97' title='bbox 1793 1767 1888 1836; x_wconf 64' lang='lat' dir='ltr'><strong>mom</strong></span> <span class='ocrx_word' id='word_1_98' title='bbox 1913 1744 2019 1816; x_wconf 87' lang='lat' dir='ltr'><strong>multa</strong></span> 
     </span>
     <span class='ocr_line' id='line_1_11' title="bbox 215 1863 2018 1967; baseline -0.003 -20"><span class='ocrx_word' id='word_1_99' title='bbox 215 1875 296 1947; x_wconf 91' lang='lat' dir='ltr'><strong>loca</strong></span> <span class='ocrx_word' id='word_1_100' title='bbox 321 1871 470 1967; x_wconf 85' lang='lat' dir='ltr'><strong>Nepotis,</strong></span> <span class='ocrx_word' id='word_1_101' title='bbox 498 1865 561 1960; x_wconf 86' lang='lat' dir='ltr'><strong>(ex.</strong></span> <span class='ocrx_word' id='word_1_102' title='bbox 587 1891 637 1963; x_wconf 92' lang='lat' dir='ltr'><strong>gr.</strong></span> <span class='ocrx_word' id='word_1_103' title='bbox 663 1871 739 1940; x_wconf 88' lang='lat' dir='ltr'><strong>Dat.</strong></span> <span class='ocrx_word' id='word_1_104' title='bbox 766 1870 801 1942; x_wconf 90' lang='lat'><strong>8.</strong></span> <span class='ocrx_word' id='word_1_105' title='bbox 839 1872 966 1941; x_wconf 85' lang='lat' dir='ltr'><strong>Tamen</strong></span> <span class='ocrx_word' id='word_1_106' title='bbox 1001 1873 1112 1942; x_wconf 86' lang='lat' dir='ltr'><strong>statuit</strong></span> <span class='ocrx_word' id='word_1_107' title='bbox 1138 1871 1308 1964; x_wconf 83' lang='lat' dir='ltr'><strong>congredi,</strong></span> <span class='ocrx_word' id='word_1_108' title='bbox 1342 1892 1441 1963; x_wconf 62' lang='lat' dir='ltr'><strong>mam</strong></span> <span class='ocrx_word' id='word_1_109' title='bbox 1477 1893 1554 1942; x_wconf 91' lang='lat' dir='ltr'><strong>cum</strong></span> <span class='ocrx_word' id='word_1_110' title='bbox 1588 1869 1686 1940; x_wconf 89' lang='lat' dir='ltr'><strong>tantis</strong></span> <span class='ocrx_word' id='word_1_111' title='bbox 1711 1869 1815 1963; x_wconf 90' lang='lat' dir='ltr'><strong>copiis</strong></span> <span class='ocrx_word' id='word_1_112' title='bbox 1848 1863 2018 1963; x_wconf 80' lang='lat' dir='ltr'><strong>refugere)</strong></span> 
     </span>
     <span class='ocr_line' id='line_1_12' title="bbox 218 1988 2018 2090; baseline -0.003 -19"><span class='ocrx_word' id='word_1_113' title='bbox 218 1997 381 2078; x_wconf 89' lang='lat' dir='ltr'><strong>Sallustii,</strong></span> <span class='ocrx_word' id='word_1_114' title='bbox 408 1989 492 2085; x_wconf 90' lang='lat' dir='ltr'><strong>(Cat.</strong></span> <span class='ocrx_word' id='word_1_115' title='bbox 519 1994 553 2065; x_wconf 88' lang='grc'><strong>9.</strong></span> <span class='ocrx_word' id='word_1_116' title='bbox 580 1991 756 2065; x_wconf 77' lang='lat' dir='ltr'><strong>beneficiis</strong></span> <span class='ocrx_word' id='word_1_117' title='bbox 781 2015 884 2089; x_wconf 89' lang='lat' dir='ltr'><strong>quam</strong></span> <span class='ocrx_word' id='word_1_118' title='bbox 910 2004 1001 2065; x_wconf 91' lang='lat' dir='ltr'><strong>metu</strong></span> <span class='ocrx_word' id='word_1_119' title='bbox 1026 1996 1203 2090; x_wconf 88' lang='lat' dir='ltr'><strong>imperium</strong></span> <span class='ocrx_word' id='word_1_120' title='bbox 1229 1989 1386 2089; x_wconf 82' lang='lat' dir='ltr'><strong>agitabat)</strong></span> <span class='ocrx_word' id='word_1_121' title='bbox 1412 1995 1529 2078; x_wconf 85' lang='lat' dir='ltr'><strong>Taciti,</strong></span> <span class='ocrx_word' id='word_1_122' title='bbox 1555 1988 1628 2084; x_wconf 86' lang='lat' dir='ltr'><strong>(alr.</strong></span> <span class='ocrx_word' id='word_1_123' title='bbox 1646 1994 1753 2066; x_wconf 90' lang='lat' dir='ltr'><strong>Orelli</strong></span> <span class='ocrx_word' id='word_1_124' title='bbox 1778 1993 1820 2064; x_wconf 86' lang='lat' dir='ltr'><strong>ad</strong></span> <span class='ocrx_word' id='word_1_125' title='bbox 1841 1994 1920 2064; x_wconf 84' lang='lat' dir='ltr'><strong>Tac.</strong></span> <span class='ocrx_word' id='word_1_126' title='bbox 1943 1995 2018 2066; x_wconf 83' lang='lat' dir='ltr'><strong>An·</strong></span> 
     </span>
     <span class='ocr_line' id='line_1_13' title="bbox 216 2115 2014 2214; baseline -0.002 -22"><span class='ocrx_word' id='word_1_127' title='bbox 216 2123 290 2194; x_wconf 86' lang='lat' dir='ltr'><strong>nal.</strong></span> <span class='ocrx_word' id='word_1_128' title='bbox 313 2122 346 2205; x_wconf 90' lang='grc'><strong>1,</strong></span> <span class='ocrx_word' id='word_1_129' title='bbox 365 2115 425 2214; x_wconf 84' lang='grc'><strong>58)</strong></span> <span class='ocrx_word' id='word_1_130' title='bbox 449 2119 591 2190; x_wconf 88' lang='lat' dir='ltr'><strong>aliorum</strong></span> <span class='ocrx_word' id='word_1_131' title='bbox 618 2127 786 2200; x_wconf 83' lang='lat' dir='ltr'><strong>testentur,</strong></span> <span class='ocrx_word' id='word_1_132' title='bbox 812 2116 902 2188; x_wconf 90' lang='lat' dir='ltr'><strong>idem</strong></span> <span class='ocrx_word' id='word_1_133' title='bbox 928 2117 1095 2188; x_wconf 87' lang='lat' dir='ltr'><strong>interdum</strong></span> <span class='ocrx_word' id='word_1_134' title='bbox 1122 2119 1209 2211; x_wconf 90' lang='lat' dir='ltr'><strong>apud</strong></span> <span class='ocrx_word' id='word_1_135' title='bbox 1228 2117 1412 2190; x_wconf 89' lang='lat' dir='ltr'><strong>Caecilium</strong></span> <span class='ocrx_word' id='word_1_136' title='bbox 1436 2118 1549 2188; x_wconf 87' lang='lat' dir='ltr'><strong>valere</strong></span> <span class='ocrx_word' id='word_1_137' title='bbox 1566 2126 1703 2212; x_wconf 85' lang='lat' dir='ltr'><strong>apparet</strong></span> <span class='ocrx_word' id='word_1_138' title='bbox 1728 2139 1770 2187; x_wconf 85' lang='lat' dir='ltr'><strong>ex</strong></span> <span class='ocrx_word' id='word_1_139' title='bbox 1787 2117 1877 2187; x_wconf 86' lang='lat' dir='ltr'><strong>Mon.</strong></span> <span class='ocrx_word' id='word_1_140' title='bbox 1896 2116 1956 2199; x_wconf 80' lang='lat' dir='ltr'><strong>te,</strong></span> <span class='ocrx_word' id='word_1_141' title='bbox 1975 2118 2014 2188; x_wconf 83' lang='lat'><strong>6:</strong></span> 
     </span>
     <span class='ocr_line' id='line_1_14' title="bbox 218 2239 2017 2334; baseline -0.003 -17"><span class='ocrx_word' id='word_1_142' title='bbox 218 2245 337 2334; x_wconf 69' lang='lat' dir='ltr'><strong>,Cava</strong></span> <span class='ocrx_word' id='word_1_143' title='bbox 370 2265 414 2314; x_wconf 91' lang='lat' dir='ltr'><strong>ne</strong></span> <span class='ocrx_word' id='word_1_144' title='bbox 439 2241 621 2312; x_wconf 89' lang='lat' dir='ltr'><strong>armarium</strong></span> <span class='ocrx_word' id='word_1_145' title='bbox 647 2264 742 2334; x_wconf 82' lang='lat' dir='ltr'><strong>quom</strong></span> <span class='ocrx_word' id='word_1_146' title='bbox 777 2251 891 2334; x_wconf 88' lang='lat' dir='ltr'><strong>pectus</strong></span> <span class='ocrx_word' id='word_1_147' title='bbox 921 2241 1042 2312; x_wconf 87' lang='lat' dir='ltr'><strong>babeas</strong></span> <span class='ocrx_word' id='word_1_148' title='bbox 1068 2241 1212 2312; x_wconf 86' lang='lat' dir='ltr'><strong>doctum&#39;</strong></span> <span class='ocrx_word' id='word_1_149' title='bbox 1238 2251 1271 2311; x_wconf 89' lang='lat' dir='ltr'><strong>et</strong></span> <span class='ocrx_word' id='word_1_150' title='bbox 1295 2265 1338 2313; x_wconf 84' lang='lat' dir='ltr'><strong>ex</strong></span> <span class='ocrx_word' id='word_1_151' title='bbox 1363 2243 1437 2312; x_wconf 87' lang='lat' dir='ltr'><strong>Par.</strong></span> <span class='ocrx_word' id='word_1_152' title='bbox 1465 2241 1531 2311; x_wconf 77' lang='lat'><strong>51:</strong></span> <span class='ocrx_word' id='word_1_153' title='bbox 1565 2241 1616 2322; x_wconf 79' lang='lat' dir='ltr'><strong>,ln</strong></span> <span class='ocrx_word' id='word_1_154' title='bbox 1642 2250 1699 2312; x_wconf 92' lang='lat' dir='ltr'><strong>tuo</strong></span> <span class='ocrx_word' id='word_1_155' title='bbox 1724 2264 1820 2333; x_wconf 61' lang='lat' dir='ltr'><strong>mom</strong></span> <span class='ocrx_word' id='word_1_156' title='bbox 1844 2239 1880 2308; x_wconf 93' lang='lat' dir='ltr'><strong>in</strong></span> <span class='ocrx_word' id='word_1_157' title='bbox 1906 2239 2017 2311; x_wconf 88' lang='lat' dir='ltr'><strong>alieno</strong></span> 
     </span>
     <span class='ocr_line' id='line_1_15' title="bbox 217 2362 2016 2458; baseline -0.001 -20"><span class='ocrx_word' id='word_1_158' title='bbox 217 2367 339 2438; x_wconf 91' lang='lat' dir='ltr'><strong>labore</strong></span> <span class='ocrx_word' id='word_1_159' title='bbox 363 2366 527 2438; x_wconf 88' lang='lat' dir='ltr'><strong>sarcinam</strong></span> <span class='ocrx_word' id='word_1_160' title='bbox 553 2362 705 2458; x_wconf 87' lang='lat' dir='ltr'><strong>suscipe,&#39;</strong></span> <span class='ocrx_word' id='word_1_161' title='bbox 736 2387 801 2458; x_wconf 90' lang='lat' dir='ltr'><strong>qua</strong></span> <span class='ocrx_word' id='word_1_162' title='bbox 826 2363 861 2434; x_wconf 93' lang='lat' dir='ltr'><strong>in</strong></span> <span class='ocrx_word' id='word_1_163' title='bbox 887 2363 1050 2458; x_wconf 88' lang='lat' dir='ltr'><strong>scriptura</strong></span> <span class='ocrx_word' id='word_1_164' title='bbox 1077 2365 1208 2436; x_wconf 88' lang='lat' dir='ltr'><strong>codices</strong></span> <span class='ocrx_word' id='word_1_165' title='bbox 1233 2365 1375 2436; x_wconf 85' lang='lat' dir='ltr'><strong>Parisini</strong></span> <span class='ocrx_word' id='word_1_166' title='bbox 1400 2365 1500 2447; x_wconf 73' lang='grc' dir='ltr'>ΑΒΕ,</span> <span class='ocrx_word' id='word_1_167' title='bbox 1534 2365 1629 2436; x_wconf 87' lang='lat' dir='ltr'><strong>Viuc.</strong></span> <span class='ocrx_word' id='word_1_168' title='bbox 1655 2365 1740 2437; x_wconf 90' lang='lat' dir='ltr'><strong>Bell.</strong></span> <span class='ocrx_word' id='word_1_169' title='bbox 1768 2386 1817 2457; x_wconf 91' lang='lat' dir='ltr'><strong>sp.</strong></span> <span class='ocrx_word' id='word_1_170' title='bbox 1843 2363 1878 2435; x_wconf 91' lang='lat' dir='ltr'><strong>b.</strong></span> <span class='ocrx_word' id='word_1_171' title='bbox 1907 2363 1941 2448; x_wconf 88' lang='grc'><strong>3,</strong></span> <span class='ocrx_word' id='word_1_172' title='bbox 1968 2364 2016 2437; x_wconf 89' lang='grc'><strong>58</strong></span> 
     </span>
     <span class='ocr_line' id='line_1_16' title="bbox 219 2485 2017 2583; baseline -0.002 -22"><span class='ocrx_word' id='word_1_173' title='bbox 219 2497 253 2562; x_wconf 89' lang='lat' dir='ltr'><strong>et</strong></span> <span class='ocrx_word' id='word_1_174' title='bbox 280 2511 330 2583; x_wconf 89' lang='lat' dir='ltr'><strong>sp.</strong></span> <span class='ocrx_word' id='word_1_175' title='bbox 357 2487 390 2560; x_wconf 91' lang='lat' dir='ltr'><strong>d.</strong></span> <span class='ocrx_word' id='word_1_176' title='bbox 417 2486 452 2570; x_wconf 89' lang='lat'><strong>5,</strong></span> <span class='ocrx_word' id='word_1_177' title='bbox 479 2487 527 2559; x_wconf 81' lang='lat' dir='ltr'><strong>dt)</strong></span> <span class='ocrx_word' id='word_1_178' title='bbox 553 2485 756 2580; x_wconf 82' lang='lat' dir='ltr'><strong>conspirant:</strong></span> <span class='ocrx_word' id='word_1_179' title='bbox 791 2486 946 2558; x_wconf 88' lang='lat' dir='ltr'><strong>Borleius</strong></span> <span class='ocrx_word' id='word_1_180' title='bbox 980 2509 1072 2570; x_wconf 83' lang='lat' dir='ltr'><strong>vero,</strong></span> <span class='ocrx_word' id='word_1_181' title='bbox 1107 2511 1182 2559; x_wconf 90' lang='lat' dir='ltr'><strong>cum</strong></span> <span class='ocrx_word' id='word_1_182' title='bbox 1219 2489 1255 2560; x_wconf 91' lang='lat' dir='ltr'><strong>in</strong></span> <span class='ocrx_word' id='word_1_183' title='bbox 1281 2511 1320 2559; x_wconf 90' lang='lat' dir='ltr'><strong>eo</strong></span> <span class='ocrx_word' id='word_1_184' title='bbox 1354 2488 1519 2571; x_wconf 87' lang='lat' dir='ltr'><strong>haereret,</strong></span> <span class='ocrx_word' id='word_1_185' title='bbox 1555 2509 1617 2559; x_wconf 90' lang='lat' dir='ltr'><strong>suo</strong></span> <span class='ocrx_word' id='word_1_186' title='bbox 1640 2485 1800 2558; x_wconf 87' lang='lat' dir='ltr'><strong>arbitratu</strong></span> <span class='ocrx_word' id='word_1_187' title='bbox 1826 2487 1945 2558; x_wconf 88' lang='lat' dir='ltr'><strong>edidit:</strong></span> <span class='ocrx_word' id='word_1_188' title='bbox 1978 2489 2017 2559; x_wconf 92' lang='lat' dir='ltr'><strong>ln</strong></span> 
     </span>
     <span class='ocr_line' id='line_1_17' title="bbox 218 2603 2017 2706; baseline -0.001 -21"><span class='ocrx_word' id='word_1_189' title='bbox 218 2623 281 2685; x_wconf 89' lang='lat' dir='ltr'><strong>tuo</strong></span> <span class='ocrx_word' id='word_1_190' title='bbox 302 2614 411 2706; x_wconf 78' lang='lat' dir='ltr'><strong>potios</strong></span> <span class='ocrx_word' id='word_1_191' title='bbox 436 2633 532 2703; x_wconf 85' lang='lat' dir='ltr'><strong>qoam</strong></span> <span class='ocrx_word' id='word_1_192' title='bbox 549 2620 611 2680; x_wconf 92' lang='lat' dir='ltr'><strong>etc.</strong></span> <span class='ocrx_word' id='word_1_193' title='bbox 634 2619 667 2680; x_wconf 94' lang='lat' dir='ltr'><strong>et</strong></span> <span class='ocrx_word' id='word_1_194' title='bbox 692 2609 780 2681; x_wconf 90' lang='lat' dir='ltr'><strong>idem</strong></span> <span class='ocrx_word' id='word_1_195' title='bbox 805 2611 905 2705; x_wconf 89' lang='lat' dir='ltr'><strong>plane</strong></span> <span class='ocrx_word' id='word_1_196' title='bbox 931 2611 993 2682; x_wconf 90' lang='lat' dir='ltr'><strong>sibi</strong></span> <span class='ocrx_word' id='word_1_197' title='bbox 1019 2613 1158 2706; x_wconf 85' lang='lat' dir='ltr'><strong>sumpsit</strong></span> <span class='ocrx_word' id='word_1_198' title='bbox 1172 2613 1328 2684; x_wconf 87' lang='lat' dir='ltr'><strong>Democr.</strong></span> <span class='ocrx_word' id='word_1_199' title='bbox 1348 2603 1374 2702; x_wconf 63' lang='lat' dir='ltr'>S</span> <span class='ocrx_word' id='word_1_200' title='bbox 1393 2611 1427 2694; x_wconf 88' lang='grc'><strong>3,</strong></span> <span class='ocrx_word' id='word_1_201' title='bbox 1454 2612 1511 2683; x_wconf 93' lang='lat' dir='ltr'><strong>ubi</strong></span> <span class='ocrx_word' id='word_1_202' title='bbox 1536 2635 1598 2704; x_wconf 92' lang='lat' dir='ltr'><strong>pro</strong></span> <span class='ocrx_word' id='word_1_203' title='bbox 1623 2611 1799 2694; x_wconf 80' lang='lat' dir='ltr'><strong>,Convenit</strong></span> <span class='ocrx_word' id='word_1_204' title='bbox 1825 2610 2017 2706; x_wconf 88' lang='lat' dir='ltr'><strong>parcitatem</strong></span> 
     </span>
     <span class='ocr_line' id='line_1_18' title="bbox 219 2720 2054 2832; baseline -0.001 -23"><span class='ocrx_word' id='word_1_205' title='bbox 219 2736 318 2832; x_wconf 83' lang='lat' dir='ltr'><strong>sequi</strong></span> <span class='ocrx_word' id='word_1_206' title='bbox 344 2737 378 2806; x_wconf 92' lang='lat' dir='ltr'><strong>in</strong></span> <span class='ocrx_word' id='word_1_207' title='bbox 405 2747 473 2819; x_wconf 90' lang='lat' dir='ltr'><strong>too,</strong></span> <span class='ocrx_word' id='word_1_208' title='bbox 509 2756 610 2827; x_wconf 89' lang='lat' dir='ltr'><strong>quam</strong></span> <span class='ocrx_word' id='word_1_209' title='bbox 635 2735 752 2806; x_wconf 84' lang='lat' dir='ltr'><strong>luxum</strong></span> <span class='ocrx_word' id='word_1_210' title='bbox 777 2735 814 2804; x_wconf 91' lang='lat' dir='ltr'><strong>iu</strong></span> <span class='ocrx_word' id='word_1_211' title='bbox 840 2736 951 2806; x_wconf 87' lang='lat' dir='ltr'><strong>alieno</strong></span> <span class='ocrx_word' id='word_1_212' title='bbox 976 2736 1136 2831; x_wconf 87' lang='lat' dir='ltr'><strong>suscipias</strong></span> <span class='ocrx_word' id='word_1_213' title='bbox 1162 2735 1293 2806; x_wconf 89' lang='lat' dir='ltr'><strong>damno’</strong></span> <span class='ocrx_word' id='word_1_214' title='bbox 1326 2759 1387 2830; x_wconf 92' lang='lat' dir='ltr'><strong>pro</strong></span> <span class='ocrx_word' id='word_1_215' title='bbox 1421 2735 1573 2806; x_wconf 83' lang='lat' dir='ltr'><strong>lubidine</strong></span> <span class='ocrx_word' id='word_1_216' title='bbox 1606 2735 1734 2830; x_wconf 85' lang='lat' dir='ltr'><strong>scripsit</strong></span> <span class='ocrx_word' id='word_1_217' title='bbox 1765 2720 2019 2817; x_wconf 63' lang='lat' dir='ltr'><strong>,Conuenientiue</strong></span> <span class='ocrx_word' id='word_1_218' title='bbox 2051 2759 2054 2764; x_wconf 66' lang='grc'>“</span> 
     </span>
     <span class='ocr_line' id='line_1_19' title="bbox 220 2849 2015 2952; baseline -0.001 -19"><span class='ocrx_word' id='word_1_219' title='bbox 220 2863 280 2934; x_wconf 87' lang='lat' dir='ltr'><strong>est&#39;</strong></span> <span class='ocrx_word' id='word_1_220' title='bbox 305 2871 367 2931; x_wconf 89' lang='lat' dir='ltr'><strong>etc.</strong></span> <span class='ocrx_word' id='word_1_221' title='bbox 408 2859 473 2930; x_wconf 87' lang='lat' dir='ltr'><strong>Sed</strong></span> <span class='ocrx_word' id='word_1_222' title='bbox 490 2859 770 2930; x_wconf 89' lang='lat' dir='ltr'><strong>luculentissimus</strong></span> <span class='ocrx_word' id='word_1_223' title='bbox 795 2859 943 2930; x_wconf 89' lang='lat' dir='ltr'><strong>omnium</strong></span> <span class='ocrx_word' id='word_1_224' title='bbox 969 2860 1061 2930; x_wconf 89' lang='lat' dir='ltr'><strong>locus</strong></span> <span class='ocrx_word' id='word_1_225' title='bbox 1079 2869 1185 2930; x_wconf 85' lang='lat' dir='ltr'><strong>exstat</strong></span> <span class='ocrx_word' id='word_1_226' title='bbox 1200 2861 1275 2930; x_wconf 90' lang='lat' dir='ltr'><strong>Par.</strong></span> <span class='ocrx_word' id='word_1_227' title='bbox 1294 2849 1320 2950; x_wconf 61' lang='lat' dir='ltr'>S</span> <span class='ocrx_word' id='word_1_228' title='bbox 1341 2859 1400 2942; x_wconf 88' lang='lat'><strong>65,</strong></span> <span class='ocrx_word' id='word_1_229' title='bbox 1428 2859 1523 2952; x_wconf 89' lang='lat' dir='ltr'><strong>isque</strong></span> <span class='ocrx_word' id='word_1_230' title='bbox 1549 2859 1585 2929; x_wconf 91' lang='lat' dir='ltr'><strong>in</strong></span> <span class='ocrx_word' id='word_1_231' title='bbox 1606 2857 1720 2930; x_wconf 91' lang='lat' dir='ltr'><strong>codice</strong></span> <span class='ocrx_word' id='word_1_232' title='bbox 1736 2860 1768 2931; x_wconf 81' lang='grc' dir='ltr'><strong>Α</strong></span> <span class='ocrx_word' id='word_1_233' title='bbox 1785 2859 1833 2930; x_wconf 92' lang='lat' dir='ltr'><strong>sic</strong></span> <span class='ocrx_word' id='word_1_234' title='bbox 1849 2881 1885 2930; x_wconf 91' lang='lat' dir='ltr'><strong>se</strong></span> <span class='ocrx_word' id='word_1_235' title='bbox 1901 2859 2015 2932; x_wconf 85' lang='lat' dir='ltr'><strong>babet:</strong></span> 
     </span>
    </p>
   </div>
   <div class='ocr_carea' id='block_1_6' title="bbox 279 2997 1671 3466">
    <p class='ocr_par' dir='ltr' id='par_1_8' title="bbox 370 2997 1225 3093">
     <span class='ocr_line' id='line_1_20' title="bbox 370 2997 1225 3093; baseline -0.002 -23"><span class='ocrx_word' id='word_1_236' title='bbox 370 2998 630 3082; x_wconf 82' lang='lat' dir='ltr'><strong>,Conscientiam</strong></span> <span class='ocrx_word' id='word_1_237' title='bbox 657 3022 753 3092; x_wconf 83' lang='lat' dir='ltr'><strong>quom</strong></span> <span class='ocrx_word' id='word_1_238' title='bbox 779 3000 901 3070; x_wconf 88' lang='lat' dir='ltr'><strong>lamam</strong></span> <span class='ocrx_word' id='word_1_239' title='bbox 926 2997 1086 3069; x_wconf 65' lang='lat' dir='ltr'><strong>intende?</strong></span> <span class='ocrx_word' id='word_1_240' title='bbox 1136 2997 1225 3093; x_wconf 89' lang='lat' dir='ltr'><strong>apud</strong></span> 
     </span>
    </p>

    <p class='ocr_par' dir='ltr' id='par_1_9' title="bbox 279 3122 1671 3466">
     <span class='ocr_line' id='line_1_21' title="bbox 279 3122 1556 3218; baseline -0.002 -20"><span class='ocrx_word' id='word_1_241' title='bbox 279 3197 283 3209; x_wconf 80' lang='grc'>,</span> <span class='ocrx_word' id='word_1_242' title='bbox 369 3125 429 3198; x_wconf 90' lang='lat' dir='ltr'><strong>W.</strong></span> <span class='ocrx_word' id='word_1_243' title='bbox 455 3123 548 3194; x_wconf 83' lang='lat' dir='ltr'><strong>Ruri.</strong></span> <span class='ocrx_word' id='word_1_244' title='bbox 574 3144 653 3194; x_wconf 82' lang='lat' dir='ltr'><strong>vero</strong></span> <span class='ocrx_word' id='word_1_245' title='bbox 679 3123 744 3194; x_wconf 87' lang='lat' dir='ltr'><strong>sic:</strong></span> <span class='ocrx_word' id='word_1_246' title='bbox 771 3122 1015 3194; x_wconf 87' lang='lat' dir='ltr'><strong>Conscientiam</strong></span> <span class='ocrx_word' id='word_1_247' title='bbox 1040 3127 1182 3216; x_wconf 79' lang='lat' dir='ltr'><strong>magis</strong></span> <span class='ocrx_word' id='word_1_248' title='bbox 1207 3147 1302 3218; x_wconf 82' lang='lat' dir='ltr'><strong>quom</strong></span> <span class='ocrx_word' id='word_1_249' title='bbox 1327 3123 1350 3194; x_wconf 87' lang='grc'><strong>1.</strong></span> <span class='ocrx_word' id='word_1_250' title='bbox 1378 3136 1440 3195; x_wconf 88' lang='lat' dir='ltr'><strong>etc.</strong></span> <span class='ocrx_word' id='word_1_251' title='bbox 1468 3124 1556 3218; x_wconf 93' lang='lat' dir='ltr'><strong>apud</strong></span> 
     </span>
     <span class='ocr_line' id='line_1_22' title="bbox 370 3245 1607 3344; baseline 0.002 -27"><span class='ocrx_word' id='word_1_252' title='bbox 370 3247 466 3317; x_wconf 85' lang='lat' dir='ltr'><strong>Vino.</strong></span> <span class='ocrx_word' id='word_1_253' title='bbox 492 3247 577 3317; x_wconf 92' lang='lat' dir='ltr'><strong>Bell.</strong></span> <span class='ocrx_word' id='word_1_254' title='bbox 605 3269 654 3340; x_wconf 92' lang='lat' dir='ltr'><strong>sp.</strong></span> <span class='ocrx_word' id='word_1_255' title='bbox 680 3245 715 3316; x_wconf 92' lang='lat' dir='ltr'><strong>b.</strong></span> <span class='ocrx_word' id='word_1_256' title='bbox 743 3245 777 3328; x_wconf 89' lang='grc'><strong>3,</strong></span> <span class='ocrx_word' id='word_1_257' title='bbox 805 3247 851 3318; x_wconf 89' lang='grc'><strong>58</strong></span> <span class='ocrx_word' id='word_1_258' title='bbox 878 3246 943 3317; x_wconf 84' lang='lat' dir='ltr'><strong>sic:</strong></span> <span class='ocrx_word' id='word_1_259' title='bbox 970 3247 1213 3318; x_wconf 87' lang='lat' dir='ltr'><strong>Conscientiam</strong></span> <span class='ocrx_word' id='word_1_260' title='bbox 1236 3249 1336 3344; x_wconf 82' lang='lat' dir='ltr'><strong>plus</strong></span> <span class='ocrx_word' id='word_1_261' title='bbox 1362 3273 1458 3341; x_wconf 84' lang='lat' dir='ltr'><strong>quom</strong></span> <span class='ocrx_word' id='word_1_262' title='bbox 1484 3260 1547 3319; x_wconf 89' lang='lat' dir='ltr'><strong>etc.</strong></span> <span class='ocrx_word' id='word_1_263' title='bbox 1573 3249 1607 3319; x_wconf 90' lang='lat' dir='ltr'><strong>in</strong></span> 
     </span>
     <span class='ocr_line' id='line_1_23' title="bbox 369 3369 1671 3466; baseline 0.003 -26"><span class='ocrx_word' id='word_1_264' title='bbox 369 3371 488 3440; x_wconf 89' lang='lat' dir='ltr'><strong>Pariss.</strong></span> <span class='ocrx_word' id='word_1_265' title='bbox 514 3371 569 3441; x_wconf 90' lang='lat' dir='ltr'><strong>BC</strong></span> <span class='ocrx_word' id='word_1_266' title='bbox 595 3369 741 3463; x_wconf 90' lang='lat' dir='ltr'><strong>denique</strong></span> <span class='ocrx_word' id='word_1_267' title='bbox 766 3371 925 3463; x_wconf 89' lang='lat' dir='ltr'><strong>scriptum</strong></span> <span class='ocrx_word' id='word_1_268' title='bbox 952 3381 1015 3440; x_wconf 87' lang='lat' dir='ltr'><strong>est:</strong></span> <span class='ocrx_word' id='word_1_269' title='bbox 1042 3371 1287 3443; x_wconf 86' lang='lat' dir='ltr'><strong>Conscientiam</strong></span> <span class='ocrx_word' id='word_1_270' title='bbox 1310 3376 1407 3466; x_wconf 86' lang='lat' dir='ltr'><strong>poti</strong></span> <span class='ocrx_word' id='word_1_271' title='bbox 1415 3397 1461 3443; x_wconf 82' lang='lat' dir='ltr'><strong>us</strong></span> <span class='ocrx_word' id='word_1_272' title='bbox 1487 3397 1583 3466; x_wconf 84' lang='lat' dir='ltr'><strong>quom</strong></span> <span class='ocrx_word' id='word_1_273' title='bbox 1609 3385 1671 3444; x_wconf 91' lang='lat' dir='ltr'><strong>etc.</strong></span> 
     </span>
    </p>
   </div>
   <div class='ocr_carea' id='block_1_7' title="bbox 221 3510 2018 4474">
    <p class='ocr_par' dir='ltr' id='par_1_10' title="bbox 221 3510 2018 4474">
     <span class='ocr_line' id='line_1_24' title="bbox 321 3510 2016 3608; baseline 0.001 -25"><span class='ocrx_word' id='word_1_274' title='bbox 321 3514 429 3583; x_wconf 84' lang='lat' dir='ltr'><strong>Pauca</strong></span> <span class='ocrx_word' id='word_1_275' title='bbox 455 3511 638 3582; x_wconf 89' lang='lat' dir='ltr'><strong>addiderim</strong></span> <span class='ocrx_word' id='word_1_276' title='bbox 656 3510 698 3582; x_wconf 89' lang='lat' dir='ltr'><strong>de</strong></span> <span class='ocrx_word' id='word_1_277' title='bbox 716 3512 775 3583; x_wconf 93' lang='lat' dir='ltr'><strong>illo</strong></span> <span class='ocrx_word' id='word_1_278' title='bbox 797 3512 929 3584; x_wconf 88' lang='lat' dir='ltr'><strong>dicendi</strong></span> <span class='ocrx_word' id='word_1_279' title='bbox 947 3536 1084 3605; x_wconf 91' lang='lat' dir='ltr'><strong>genere,</strong></span> <span class='ocrx_word' id='word_1_280' title='bbox 1110 3513 1199 3608; x_wconf 92' lang='lat' dir='ltr'><strong>quod</strong></span> <span class='ocrx_word' id='word_1_281' title='bbox 1217 3538 1236 3584; x_wconf 95' lang='lat' dir='ltr'><strong>a</strong></span> <span class='ocrx_word' id='word_1_282' title='bbox 1253 3514 1478 3606; x_wconf 89' lang='lat' dir='ltr'><strong>grammaticis</strong></span> <span class='ocrx_word' id='word_1_283' title='bbox 1495 3514 1662 3585; x_wconf 84' lang='lat' dir='ltr'><strong>veteribus</strong></span> <span class='ocrx_word' id='word_1_284' title='bbox 1688 3515 1861 3594; x_wconf 64' lang='grc' dir='ltr'>ἀσύνδετον</span> <span class='ocrx_word' id='word_1_285' title='bbox 1887 3512 2016 3598; x_wconf 87' lang='lat' dir='ltr'><strong>dicitur,</strong></span> 
     </span>
     <span class='ocr_line' id='line_1_25' title="bbox 221 3635 2016 3731; baseline 0.002 -25"><span class='ocrx_word' id='word_1_286' title='bbox 221 3657 290 3706; x_wconf 87' lang='lat' dir='ltr'><strong>uon</strong></span> <span class='ocrx_word' id='word_1_287' title='bbox 316 3658 394 3707; x_wconf 91' lang='lat' dir='ltr'><strong>eum</strong></span> <span class='ocrx_word' id='word_1_288' title='bbox 419 3635 555 3729; x_wconf 90' lang='lat' dir='ltr'><strong>quidem</strong></span> <span class='ocrx_word' id='word_1_289' title='bbox 581 3635 615 3707; x_wconf 89' lang='lat' dir='ltr'><strong>in</strong></span> <span class='ocrx_word' id='word_1_290' title='bbox 641 3635 755 3717; x_wconf 81' lang='lat' dir='ltr'><strong>finem,</strong></span> <span class='ocrx_word' id='word_1_291' title='bbox 782 3648 819 3707; x_wconf 94' lang='lat' dir='ltr'><strong>ut</strong></span> <span class='ocrx_word' id='word_1_292' title='bbox 844 3637 963 3708; x_wconf 92' lang='lat' dir='ltr'><strong>talibus</strong></span> <span class='ocrx_word' id='word_1_293' title='bbox 989 3639 1137 3708; x_wconf 88' lang='lat' dir='ltr'><strong>minutiis</strong></span> <span class='ocrx_word' id='word_1_294' title='bbox 1163 3639 1398 3731; x_wconf 85' lang='lat' dir='ltr'><strong>proprietatem</strong></span> <span class='ocrx_word' id='word_1_295' title='bbox 1424 3639 1588 3708; x_wconf 88' lang='lat' dir='ltr'><strong>sermonis</strong></span> <span class='ocrx_word' id='word_1_296' title='bbox 1608 3637 1790 3708; x_wconf 89' lang='lat' dir='ltr'><strong>Caeciliani</strong></span> <span class='ocrx_word' id='word_1_297' title='bbox 1817 3637 2016 3710; x_wconf 90' lang='lat' dir='ltr'><strong>adumbrare</strong></span> 
     </span>
     <span class='ocr_line' id='line_1_26' title="bbox 222 3759 2017 3855; baseline 0.002 -26"><span class='ocrx_word' id='word_1_298' title='bbox 222 3781 365 3852; x_wconf 89' lang='lat' dir='ltr'><strong>sperem,</strong></span> <span class='ocrx_word' id='word_1_299' title='bbox 391 3759 480 3852; x_wconf 89' lang='lat' dir='ltr'><strong>qood</strong></span> <span class='ocrx_word' id='word_1_300' title='bbox 507 3781 626 3829; x_wconf 85' lang='lat' dir='ltr'><strong>vereor</strong></span> <span class='ocrx_word' id='word_1_301' title='bbox 651 3782 693 3828; x_wconf 91' lang='lat' dir='ltr'><strong>au</strong></span> <span class='ocrx_word' id='word_1_302' title='bbox 722 3759 756 3829; x_wconf 91' lang='lat' dir='ltr'><strong>in</strong></span> <span class='ocrx_word' id='word_1_303' title='bbox 782 3761 946 3853; x_wconf 87' lang='lat' dir='ltr'><strong>paucitate</strong></span> <span class='ocrx_word' id='word_1_304' title='bbox 974 3762 1237 3854; x_wconf 81' lang='lat' dir='ltr'><strong>fragmentorum</strong></span> <span class='ocrx_word' id='word_1_305' title='bbox 1254 3763 1505 3832; x_wconf 87' lang='lat' dir='ltr'><strong>Monacensium</strong></span> <span class='ocrx_word' id='word_1_306' title='bbox 1530 3772 1629 3854; x_wconf 91' lang='lat' dir='ltr'><strong>atque</strong></span> <span class='ocrx_word' id='word_1_307' title='bbox 1646 3761 1873 3831; x_wconf 88' lang='lat' dir='ltr'><strong>Parisiuorum</strong></span> <span class='ocrx_word' id='word_1_308' title='bbox 1893 3788 1913 3834; x_wconf 93' lang='lat' dir='ltr'><strong>a</strong></span> <span class='ocrx_word' id='word_1_309' title='bbox 1931 3785 2017 3855; x_wconf 92' lang='lat' dir='ltr'><strong>quo·</strong></span> 
     </span>
     <span class='ocr_line' id='line_1_27' title="bbox 223 3883 2018 3978; baseline 0.001 -25"><span class='ocrx_word' id='word_1_310' title='bbox 223 3905 322 3976; x_wconf 59' lang='lat' dir='ltr'><strong>mam</strong></span> <span class='ocrx_word' id='word_1_311' title='bbox 348 3883 508 3977; x_wconf 88' lang='lat' dir='ltr'><strong>praestari</strong></span> <span class='ocrx_word' id='word_1_312' title='bbox 533 3883 646 3975; x_wconf 86' lang='lat' dir='ltr'><strong>possit,</strong></span> <span class='ocrx_word' id='word_1_313' title='bbox 673 3883 731 3952; x_wconf 91' lang='lat' dir='ltr'><strong>sed</strong></span> <span class='ocrx_word' id='word_1_314' title='bbox 757 3883 819 3954; x_wconf 91' lang='lat' dir='ltr'><strong>hac</strong></span> <span class='ocrx_word' id='word_1_315' title='bbox 845 3885 953 3977; x_wconf 91' lang='lat' dir='ltr'><strong>potius</strong></span> <span class='ocrx_word' id='word_1_316' title='bbox 979 3885 1107 3956; x_wconf 85' lang='lat' dir='ltr'><strong>ratione</strong></span> <span class='ocrx_word' id='word_1_317' title='bbox 1134 3885 1261 3967; x_wconf 89' lang='lat' dir='ltr'><strong>ductus,</strong></span> <span class='ocrx_word' id='word_1_318' title='bbox 1287 3895 1335 3968; x_wconf 81' lang='lat' dir='ltr'><strong>ut,</strong></span> <span class='ocrx_word' id='word_1_319' title='bbox 1362 3893 1523 3978; x_wconf 86' lang='lat' dir='ltr'><strong>quotquot</strong></span> <span class='ocrx_word' id='word_1_320' title='bbox 1549 3883 1745 3976; x_wconf 85' lang='lat' dir='ltr'><strong>collegimus</strong></span> <span class='ocrx_word' id='word_1_321' title='bbox 1763 3883 1900 3955; x_wconf 87' lang='lat' dir='ltr'><strong>Caecilii</strong></span> <span class='ocrx_word' id='word_1_322' title='bbox 1925 3885 2018 3978; x_wconf 89' lang='lat' dir='ltr'><strong>lrag-</strong></span> 
     </span>
     <span class='ocr_line' id='line_1_28' title="bbox 222 4006 2018 4103; baseline 0.003 -28"><span class='ocrx_word' id='word_1_323' title='bbox 222 4016 335 4076; x_wconf 88' lang='lat' dir='ltr'><strong>menta</strong></span> <span class='ocrx_word' id='word_1_324' title='bbox 361 4029 403 4076; x_wconf 77' lang='lat' dir='ltr'><strong>ex</strong></span> <span class='ocrx_word' id='word_1_325' title='bbox 428 4007 566 4078; x_wconf 83' lang='lat' dir='ltr'><strong>diversis</strong></span> <span class='ocrx_word' id='word_1_326' title='bbox 591 4007 759 4078; x_wconf 89' lang='lat' dir='ltr'><strong>codicibus</strong></span> <span class='ocrx_word' id='word_1_327' title='bbox 786 4007 1052 4102; x_wconf 89' lang='lat' dir='ltr'><strong>auctoribusque,</strong></span> <span class='ocrx_word' id='word_1_328' title='bbox 1081 4009 1114 4077; x_wconf 93' lang='lat' dir='ltr'><strong>in</strong></span> <span class='ocrx_word' id='word_1_329' title='bbox 1141 4007 1305 4090; x_wconf 89' lang='lat' dir='ltr'><strong>omnibus,</strong></span> <span class='ocrx_word' id='word_1_330' title='bbox 1331 4007 1394 4077; x_wconf 90' lang='lat' dir='ltr'><strong>nisi</strong></span> <span class='ocrx_word' id='word_1_331' title='bbox 1420 4007 1478 4079; x_wconf 90' lang='lat' dir='ltr'><strong>ubi</strong></span> <span class='ocrx_word' id='word_1_332' title='bbox 1500 4006 1648 4078; x_wconf 89' lang='lat' dir='ltr'><strong>lubidine</strong></span> <span class='ocrx_word' id='word_1_333' title='bbox 1675 4019 1709 4079; x_wconf 89' lang='lat' dir='ltr'><strong>et</strong></span> <span class='ocrx_word' id='word_1_334' title='bbox 1733 4006 1885 4079; x_wconf 89' lang='lat' dir='ltr'><strong>socordia</strong></span> <span class='ocrx_word' id='word_1_335' title='bbox 1909 4009 2018 4103; x_wconf 91' lang='lat' dir='ltr'><strong>epito-</strong></span> 
     </span>
     <span class='ocr_line' id='line_1_29' title="bbox 222 4129 2016 4230; baseline 0.002 -32"><span class='ocrx_word' id='word_1_336' title='bbox 222 4139 387 4200; x_wconf 86' lang='lat' dir='ltr'><strong>matorum</strong></span> <span class='ocrx_word' id='word_1_337' title='bbox 412 4130 691 4223; x_wconf 88' lang='lat' dir='ltr'><strong>librariorumque</strong></span> <span class='ocrx_word' id='word_1_338' title='bbox 710 4129 849 4201; x_wconf 89' lang='lat' dir='ltr'><strong>Caecilii</strong></span> <span class='ocrx_word' id='word_1_339' title='bbox 867 4131 1003 4222; x_wconf 84' lang='lat' dir='ltr'><strong>vestigia</strong></span> <span class='ocrx_word' id='word_1_340' title='bbox 1026 4155 1161 4224; x_wconf 86' lang='lat' dir='ltr'><strong>prorsus</strong></span> <span class='ocrx_word' id='word_1_341' title='bbox 1179 4131 1338 4230; x_wconf 83' lang='lat' dir='ltr'><strong>exstincta</strong></span> <span class='ocrx_word' id='word_1_342' title='bbox 1364 4144 1453 4214; x_wconf 90' lang='lat' dir='ltr'><strong>suut,</strong></span> <span class='ocrx_word' id='word_1_343' title='bbox 1481 4131 1569 4201; x_wconf 89' lang='lat' dir='ltr'><strong>idem</strong></span> <span class='ocrx_word' id='word_1_344' title='bbox 1587 4154 1729 4223; x_wconf 87' lang='lat' dir='ltr'><strong>regnare</strong></span> <span class='ocrx_word' id='word_1_345' title='bbox 1754 4131 1885 4202; x_wconf 87' lang='lat' dir='ltr'><strong>dicendi</strong></span> <span class='ocrx_word' id='word_1_346' title='bbox 1912 4155 2016 4224; x_wconf 90' lang='lat' dir='ltr'><strong>genus</strong></span> 
     </span>
     <span class='ocr_line' id='line_1_30' title="bbox 224 4253 2017 4350; baseline 0.003 -28"><span class='ocrx_word' id='word_1_347' title='bbox 224 4253 402 4346; x_wconf 90' lang='lat' dir='ltr'><strong>omniaque</strong></span> <span class='ocrx_word' id='word_1_348' title='bbox 428 4253 513 4324; x_wconf 89' lang='lat' dir='ltr'><strong>inter</strong></span> <span class='ocrx_word' id='word_1_349' title='bbox 538 4277 573 4324; x_wconf 90' lang='lat' dir='ltr'><strong>se</strong></span> <span class='ocrx_word' id='word_1_350' title='bbox 599 4253 663 4325; x_wconf 89' lang='lat' dir='ltr'><strong>boc</strong></span> <span class='ocrx_word' id='word_1_351' title='bbox 688 4253 821 4326; x_wconf 86' lang='lat' dir='ltr'><strong>viuculo</strong></span> <span class='ocrx_word' id='word_1_352' title='bbox 846 4255 999 4348; x_wconf 90' lang='lat' dir='ltr'><strong>copulata</strong></span> <span class='ocrx_word' id='word_1_353' title='bbox 1025 4263 1058 4324; x_wconf 88' lang='lat' dir='ltr'><strong>et</strong></span> <span class='ocrx_word' id='word_1_354' title='bbox 1083 4274 1236 4326; x_wconf 81' lang='lat' dir='ltr'><strong>connexa</strong></span> <span class='ocrx_word' id='word_1_355' title='bbox 1261 4277 1333 4325; x_wconf 89' lang='lat' dir='ltr'><strong>esse</strong></span> <span class='ocrx_word' id='word_1_356' title='bbox 1358 4257 1583 4349; x_wconf 88' lang='lat' dir='ltr'><strong>comprobem.</strong></span> <span class='ocrx_word' id='word_1_357' title='bbox 1634 4258 1678 4326; x_wconf 84' lang='lat' dir='ltr'><strong>Et</strong></span> <span class='ocrx_word' id='word_1_358' title='bbox 1703 4279 1746 4326; x_wconf 92' lang='lat' dir='ltr'><strong>ne</strong></span> <span class='ocrx_word' id='word_1_359' title='bbox 1777 4255 1861 4326; x_wconf 91' lang='lat' dir='ltr'><strong>iusto</strong></span> <span class='ocrx_word' id='word_1_360' title='bbox 1886 4257 2017 4350; x_wconf 89' lang='lat' dir='ltr'><strong>longior</strong></span> 
     </span>
     <span class='ocr_line' id='line_1_31' title="bbox 223 4377 1868 4474; baseline 0.002 -27"><span class='ocrx_word' id='word_1_361' title='bbox 223 4377 314 4461; x_wconf 86' lang='lat' dir='ltr'><strong>fiam,</strong></span> <span class='ocrx_word' id='word_1_362' title='bbox 341 4377 461 4460; x_wconf 91' lang='lat' dir='ltr'><strong>statim,</strong></span> <span class='ocrx_word' id='word_1_363' title='bbox 488 4403 573 4474; x_wconf 90' lang='lat' dir='ltr'><strong>quae</strong></span> <span class='ocrx_word' id='word_1_364' title='bbox 600 4377 683 4448; x_wconf 91' lang='lat' dir='ltr'><strong>mibi</strong></span> <span class='ocrx_word' id='word_1_365' title='bbox 710 4380 840 4449; x_wconf 88' lang='lat' dir='ltr'><strong>enotavi</strong></span> <span class='ocrx_word' id='word_1_366' title='bbox 866 4381 951 4463; x_wconf 87' lang='lat' dir='ltr'><strong>loca,</strong></span> <span class='ocrx_word' id='word_1_367' title='bbox 978 4381 1139 4451; x_wconf 89' lang='lat' dir='ltr'><strong>lectorum</strong></span> <span class='ocrx_word' id='word_1_368' title='bbox 1166 4381 1270 4451; x_wconf 90' lang='lat' dir='ltr'><strong>oculis</strong></span> <span class='ocrx_word' id='word_1_369' title='bbox 1296 4377 1482 4449; x_wconf 89' lang='lat' dir='ltr'><strong>subiiciam.</strong></span> <span class='ocrx_word' id='word_1_370' title='bbox 1534 4381 1616 4450; x_wconf 91' lang='lat' dir='ltr'><strong>Sunt</strong></span> <span class='ocrx_word' id='word_1_371' title='bbox 1641 4379 1741 4472; x_wconf 88' lang='lat' dir='ltr'><strong>igitur</strong></span> <span class='ocrx_word' id='word_1_372' title='bbox 1766 4379 1868 4452; x_wconf 89' lang='lat' dir='ltr'><strong>baec:</strong></span> 
     </span>
    </p>
   </div>
   <div class='ocr_carea' id='block_1_8' title="bbox 372 4514 2013 4725">
    <p class='ocr_par' dir='ltr' id='par_1_11' title="bbox 372 4514 2013 4725">
     <span class='ocr_line' id='line_1_32' title="bbox 468 4514 2013 4616; baseline 0.003 -27"><span class='ocrx_word' id='word_1_373' title='bbox 468 4519 686 4612; x_wconf 90' lang='lat' dir='ltr'><strong>Diligentiam</strong></span> <span class='ocrx_word' id='word_1_374' title='bbox 696 4514 735 4611; x_wconf 78' lang='lat' dir='ltr'><strong>(i)</strong></span> <span class='ocrx_word' id='word_1_375' title='bbox 762 4521 908 4603; x_wconf 90' lang='lat' dir='ltr'><strong>auribus,</strong></span> <span class='ocrx_word' id='word_1_376' title='bbox 935 4522 1070 4616; x_wconf 90' lang='lat' dir='ltr'><strong>linguae</strong></span> <span class='ocrx_word' id='word_1_377' title='bbox 1097 4525 1349 4596; x_wconf 88' lang='lat' dir='ltr'><strong>taciturnitatem</strong></span> <span class='ocrx_word' id='word_1_378' title='bbox 1377 4523 1492 4608; x_wconf 84' lang='lat' dir='ltr'><strong>indixi,</strong></span> <span class='ocrx_word' id='word_1_379' title='bbox 1518 4525 1663 4616; x_wconf 89' lang='lat' dir='ltr'><strong>quietem</strong></span> <span class='ocrx_word' id='word_1_380' title='bbox 1691 4525 1858 4596; x_wconf 90' lang='lat' dir='ltr'><strong>manibus.</strong></span> <span class='ocrx_word' id='word_1_381' title='bbox 1896 4526 1923 4594; x_wconf 90' lang='lat'><strong>1.</strong></span> <span class='ocrx_word' id='word_1_382' title='bbox 1942 4524 2013 4594; x_wconf 91' lang='lat' dir='ltr'><strong>Sar.</strong></span> 
     </span>
     <span class='ocr_line' id='line_1_33' title="bbox 372 4642 699 4725; baseline 0 -13"><span class='ocrx_word' id='word_1_383' title='bbox 372 4642 442 4712; x_wconf 89' lang='lat' dir='ltr'><strong>Pol.</strong></span> <span class='ocrx_word' id='word_1_384' title='bbox 468 4643 526 4713; x_wconf 94' lang='lat' dir='ltr'><strong>lll.</strong></span> <span class='ocrx_word' id='word_1_385' title='bbox 557 4643 612 4725; x_wconf 80' lang='lat' dir='ltr'><strong>ld,</strong></span> <span class='ocrx_word' id='word_1_386' title='bbox 640 4643 699 4714; x_wconf 79' lang='lat'><strong>23.</strong></span> 
     </span>
    </p>
   </div>
   <div class='ocr_carea' id='block_1_9' title="bbox 370 4782 2015 5408">
    <p class='ocr_par' dir='ltr' id='par_1_12' title="bbox 471 4782 2012 4882">
     <span class='ocr_line' id='line_1_34' title="bbox 471 4782 2012 4882; baseline 0.007 -31"><span class='ocrx_word' id='word_1_387' title='bbox 471 4782 618 4853; x_wconf 89' lang='lat' dir='ltr'><strong>Pecunia</strong></span> <span class='ocrx_word' id='word_1_388' title='bbox 635 4805 735 4853; x_wconf 86' lang='lat' dir='ltr'><strong>avaro</strong></span> <span class='ocrx_word' id='word_1_389' title='bbox 753 4783 954 4877; x_wconf 90' lang='lat' dir='ltr'><strong>supplicium</strong></span> <span class='ocrx_word' id='word_1_390' title='bbox 973 4793 1031 4865; x_wconf 92' lang='lat' dir='ltr'><strong>est,</strong></span> <span class='ocrx_word' id='word_1_391' title='bbox 1058 4783 1192 4876; x_wconf 90' lang='lat' dir='ltr'><strong>proloso</strong></span> <span class='ocrx_word' id='word_1_392' title='bbox 1209 4784 1321 4866; x_wconf 88' lang='lat' dir='ltr'><strong>decus,</strong></span> <span class='ocrx_word' id='word_1_393' title='bbox 1346 4787 1562 4880; x_wconf 89' lang='lat' dir='ltr'><strong>parricidium</strong></span> <span class='ocrx_word' id='word_1_394' title='bbox 1580 4789 1750 4882; x_wconf 90' lang='lat' dir='ltr'><strong>proditori.</strong></span> <span class='ocrx_word' id='word_1_395' title='bbox 1789 4791 1880 4862; x_wconf 85' lang='lat' dir='ltr'><strong>bion.</strong></span> <span class='ocrx_word' id='word_1_396' title='bbox 1902 4791 1959 4873; x_wconf 76' lang='lat' dir='ltr'><strong>l2,</strong></span> <span class='ocrx_word' id='word_1_397' title='bbox 1979 4790 2012 4862; x_wconf 93' lang='grc'><strong>1.</strong></span> 
     </span>
    </p>

    <p class='ocr_par' dir='ltr' id='par_1_13' title="bbox 373 4924 2012 5157">
     <span class='ocr_line' id='line_1_35' title="bbox 471 4924 2012 5024; baseline 0.005 -29"><span class='ocrx_word' id='word_1_398' title='bbox 471 4925 556 4997; x_wconf 89' lang='lat' dir='ltr'><strong>Cum</strong></span> <span class='ocrx_word' id='word_1_399' title='bbox 581 4925 616 4996; x_wconf 92' lang='lat' dir='ltr'><strong>in</strong></span> <span class='ocrx_word' id='word_1_400' title='bbox 646 4924 697 4996; x_wconf 92' lang='lat' dir='ltr'><strong>bis</strong></span> <span class='ocrx_word' id='word_1_401' title='bbox 727 4927 843 5008; x_wconf 88' lang='lat' dir='ltr'><strong>esuris,</strong></span> <span class='ocrx_word' id='word_1_402' title='bbox 876 4926 957 5009; x_wconf 90' lang='lat' dir='ltr'><strong>sitis,</strong></span> <span class='ocrx_word' id='word_1_403' title='bbox 993 4926 1096 5018; x_wconf 89' lang='lat' dir='ltr'><strong>alges.</strong></span> <span class='ocrx_word' id='word_1_404' title='bbox 1146 4929 1237 4998; x_wconf 87' lang='lat' dir='ltr'><strong>Mon.</strong></span> <span class='ocrx_word' id='word_1_405' title='bbox 1268 4929 1324 5010; x_wconf 79' lang='lat' dir='ltr'><strong>ta,</strong></span> <span class='ocrx_word' id='word_1_406' title='bbox 1352 4926 1387 4996; x_wconf 82' lang='lat' dir='ltr'><strong>d.</strong></span> <span class='ocrx_word' id='word_1_407' title='bbox 1437 4927 1576 5021; x_wconf 80' lang='lat' dir='ltr'><strong>Pytbag.</strong></span> <span class='ocrx_word' id='word_1_408' title='bbox 1611 4930 1710 5022; x_wconf 89' lang='lat' dir='ltr'><strong>apud.</strong></span> <span class='ocrx_word' id='word_1_409' title='bbox 1737 4929 1901 5002; x_wconf 87' lang='lat' dir='ltr'><strong>Orellium</strong></span> <span class='ocrx_word' id='word_1_410' title='bbox 1935 4953 2012 5024; x_wconf 89' lang='lat' dir='ltr'><strong>opp.</strong></span> 
     </span>
     <span class='ocr_line' id='line_1_36' title="bbox 373 5049 1719 5157; baseline 0.004 -39"><span class='ocrx_word' id='word_1_411' title='bbox 373 5071 423 5141; x_wconf 90' lang='lat' dir='ltr'><strong>gr.</strong></span> <span class='ocrx_word' id='word_1_412' title='bbox 449 5058 532 5120; x_wconf 87' lang='lat' dir='ltr'><strong>sent.</strong></span> <span class='ocrx_word' id='word_1_413' title='bbox 560 5061 592 5119; x_wconf 90' lang='lat' dir='ltr'><strong>et</strong></span> <span class='ocrx_word' id='word_1_414' title='bbox 616 5071 701 5120; x_wconf 90' lang='lat' dir='ltr'><strong>mor.</strong></span> <span class='ocrx_word' id='word_1_415' title='bbox 728 5051 754 5119; x_wconf 92' lang='lat' dir='ltr'><strong>l.</strong></span> <span class='ocrx_word' id='word_1_416' title='bbox 781 5049 846 5120; x_wconf 76' lang='lat' dir='ltr'><strong>ld:</strong></span> <span class='ocrx_word' id='word_1_417' title='bbox 872 5054 998 5152; x_wconf 58' lang='grc' dir='ltr'><em>Σαρκός</em></span> <span class='ocrx_word' id='word_1_418' title='bbox 1019 5053 1116 5154; x_wconf 60' lang='lat' dir='ltr'><strong>pomp*</strong></span> <span class='ocrx_word' id='word_1_419' title='bbox 1135 5054 1181 5152; x_wconf 66' lang='lat' dir='ltr'><strong>pp*</strong></span> <span class='ocrx_word' id='word_1_420' title='bbox 1200 5062 1318 5152; x_wconf 67' lang='grc' dir='ltr'><strong>πεινῆν,</strong></span> <span class='ocrx_word' id='word_1_421' title='bbox 1337 5054 1384 5154; x_wconf 67' lang='grc' dir='ltr'><strong>μή</strong></span> <span class='ocrx_word' id='word_1_422' title='bbox 1403 5063 1514 5157; x_wconf 61' lang='grc' dir='ltr'><strong>διψῆν,</strong></span> <span class='ocrx_word' id='word_1_423' title='bbox 1533 5055 1579 5154; x_wconf 70' lang='grc' dir='ltr'><strong>μή</strong></span> <span class='ocrx_word' id='word_1_424' title='bbox 1600 5063 1719 5154; x_wconf 54' lang='lat' dir='ltr'><strong>peponis.</strong></span> 
     </span>
    </p>

    <p class='ocr_par' dir='ltr' id='par_1_14' title="bbox 370 5187 2015 5408">
     <span class='ocr_line' id='line_1_37' title="bbox 469 5187 2014 5282; baseline 0.001 -22"><span class='ocrx_word' id='word_1_425' title='bbox 469 5189 587 5260; x_wconf 76' lang='lat' dir='ltr'><strong>Amico</strong></span> <span class='ocrx_word' id='word_1_426' title='bbox 607 5187 689 5260; x_wconf 86' lang='lat' dir='ltr'><strong>fides</strong></span> <span class='ocrx_word' id='word_1_427' title='bbox 707 5190 885 5281; x_wconf 88' lang='lat' dir='ltr'><strong>coagulum</strong></span> <span class='ocrx_word' id='word_1_428' title='bbox 903 5201 952 5260; x_wconf 91' lang='lat' dir='ltr'><strong>est</strong></span> <span class='ocrx_word' id='word_1_429' title='bbox 969 5189 1146 5271; x_wconf 87' lang='lat' dir='ltr'><strong>amicitiae,</strong></span> <span class='ocrx_word' id='word_1_430' title='bbox 1172 5189 1335 5282; x_wconf 89' lang='lat' dir='ltr'><strong>sapientia</strong></span> <span class='ocrx_word' id='word_1_431' title='bbox 1353 5190 1610 5274; x_wconf 83' lang='lat' dir='ltr'><strong>firmamentum,</strong></span> <span class='ocrx_word' id='word_1_432' title='bbox 1638 5191 1805 5264; x_wconf 92' lang='lat' dir='ltr'><strong>contentio</strong></span> <span class='ocrx_word' id='word_1_433' title='bbox 1826 5191 2014 5264; x_wconf 89' lang='lat' dir='ltr'><strong>discidium.</strong></span> 
     </span>
     <span class='ocr_line' id='line_1_38' title="bbox 370 5309 2015 5408; baseline 0 -22"><span class='ocrx_word' id='word_1_434' title='bbox 370 5313 461 5386; x_wconf 80' lang='lat' dir='ltr'><strong>uon.</strong></span> <span class='ocrx_word' id='word_1_435' title='bbox 490 5310 548 5396; x_wconf 92' lang='grc'><strong>15,</strong></span> <span class='ocrx_word' id='word_1_436' title='bbox 577 5311 634 5384; x_wconf 85' lang='grc'><strong>19.</strong></span> <span class='ocrx_word' id='word_1_437' title='bbox 673 5309 770 5398; x_wconf 81' lang='lat' dir='ltr'><strong>[Eius</strong></span> <span class='ocrx_word' id='word_1_438' title='bbox 795 5316 978 5386; x_wconf 90' lang='lat' dir='ltr'><strong>sententiae</strong></span> <span class='ocrx_word' id='word_1_439' title='bbox 1004 5315 1096 5406; x_wconf 90' lang='lat' dir='ltr'><strong>prior</strong></span> <span class='ocrx_word' id='word_1_440' title='bbox 1120 5337 1208 5408; x_wconf 88' lang='lat' dir='ltr'><strong>pars,</strong></span> <span class='ocrx_word' id='word_1_441' title='bbox 1242 5337 1352 5408; x_wconf 89' lang='lat' dir='ltr'><strong>neque</strong></span> <span class='ocrx_word' id='word_1_442' title='bbox 1386 5315 1474 5385; x_wconf 89' lang='lat' dir='ltr'><strong>enim</strong></span> <span class='ocrx_word' id='word_1_443' title='bbox 1502 5323 1568 5386; x_wconf 88' lang='lat' dir='ltr'><strong>tota</strong></span> <span class='ocrx_word' id='word_1_444' title='bbox 1592 5337 1690 5387; x_wconf 87' lang='lat' dir='ltr'><strong>versu</strong></span> <span class='ocrx_word' id='word_1_445' title='bbox 1721 5315 1864 5388; x_wconf 87' lang='lat' dir='ltr'><strong>iambico</strong></span> <span class='ocrx_word' id='word_1_446' title='bbox 1889 5315 2015 5390; x_wconf 91' lang='lat' dir='ltr'><strong>includi</strong></span> 
     </span>
    </p>
   </div>
   <div class='ocr_carea' id='block_1_10' title="bbox 1739 5459 1776 5516">
    <p class='ocr_par' dir='ltr' id='par_1_15' title="bbox 1739 5459 1776 5516">
     <span class='ocr_line' id='line_1_39' title="bbox 1739 5459 1776 5516; baseline 0 0"><span class='ocrx_word' id='word_1_447' title='bbox 1739 5459 1776 5516; x_wconf 87' lang='lat'><strong>11</strong></span> 
     </span>
    </p>
   </div>
   <div class='ocr_carea' id='block_1_11' title="bbox 0 0 2509 6276">
    <p class='ocr_par' dir='ltr' id='par_1_16' title="bbox 0 0 2509 6276">
     <span class='ocr_line' id='line_1_40' title="bbox 0 0 2509 6276; baseline 0 0"><span class='ocrx_word' id='word_1_448' title='bbox 0 0 2509 6276; x_wconf 95' lang='lat' dir='ltr'><strong> </strong></span> 
     </span>
    </p>
   </div>
  </div>
 </body>
</html>
