4982 6280
1234 591 1480 660 ..02-

559 789 717 873 dicentes,
743 789 818 860 Non
843 789 977 869 timeas:
1005 743 1085 880 daia
1101 786 1166 857 boe
1182 810 1203 857 a
1220 787 1282 857 deo
1309 797 1373 867 est:
1401 787 1460 879 qui
1477 787 1537 856 ait:
1564 789 1702 878 Propter
1719 785 1783 856 hoe
1800 786 1909 877 magis
1927 787 2040 858 timeo.
2077 781 2150 878 (18)
2168 787 2252 860 Cum

557 915 608 984 illi
629 915 669 984 de
688 937 747 985 suo
772 914 878 1006 capite
896 923 958 982 etc.
972 913 1078 984 :ld
1094 912 1155 982 db.
1190 904 1262 1001 (19)
1281 912 1368 980 Dum
1386 903 1514 999 (Coml)
1540 909 1674 980 vidisset
1699 910 1866 999 quendam
1893 911 1998 982 liliam
2024 912 2253 1004 sepelientem,

557 1039 620 1108 ait:
655 1037 766 1108 Hodie
797 1038 923 1108 bonum
959 1057 1121 1128 generum
1153 1033 1336 1127 suscepisti.
1387 1026 1459 1123 (20)
1484 1011 1709 1124 Interrogatus
1734 1034 1912 1126 Diogenes,
1948 1059 2008 1106 cur
2034 1037 2189 1130 Cynicus,
2221 1037 2254 1107 id

558 1173 607 1232 est
632 1162 771 1232 caninus
796 1170 971 1232 vocaretur
995 1183 1014 1230 a
1040 1158 1257 1252 pbilosophis,
1293 1158 1352 1228 ait:
1388 1157 1476 1239 Quia
1508 1157 1593 1228 latro
1626 1158 1856 1249 ignorantibus
1885 1168 1918 1228 et
1942 1159 2097 1230 blandior
2121 1161 2255 1254 sapien-

558 1285 657 1355 tibus.
696 1277 769 1375 (21)
794 1287 1030 1374 Interrogatus,
1057 1292 1208 1352 curtam
1235 1303 1394 1372 magnam
1420 1281 1561 1351 nutriret
1585 1283 1736 1365 barbam,
1763 1283 1825 1353 ait:
1852 1285 1894 1355 Ut
1919 1307 1992 1354 eam
2019 1285 2114 1355 citius
2139 1285 2255 1356 videns

559 1418 590 1478 et
615 1417 754 1500 tangens
778 1407 888 1478 virum
913 1429 968 1476 me
994 1429 1065 1476 esse
1090 1404 1499 1476 meminerim.=Lind.
1529 1407 1589 1486 12;
1616 1408 1650 1478 Μ
1676 1407 1732 1487 19,
1762 1408 1793 1476 1.
1833 1401 1906 1497 (22)
1932 1411 2169 1500 Interrogatus,
2196 1433 2255 1480 cur

556 1532 710 1603 homines
737 1531 931 1602 abhorreret
955 1553 1019 1600 neo
1043 1529 1144 1600 vellet
1169 1549 1245 1599 cum
1264 1527 1311 1598 eis
1329 1527 1452 1608 vivere,
1480 1528 1542 1598 ait:
1568 1530 1674 1602 Malos
1699 1528 1820 1600 borreo
1847 1543 1980 1623 propter
1998 1533 2119 1602 malam
2139 1513 2254 1603 eorum

558 1658 671 1740 vitam,
697 1658 802 1728 bonos
828 1679 919 1738 vero,
946 1655 1024 1746 quia
1050 1655 1165 1724 vivunt
1191 1676 1267 1724 cum
1294 1652 1399 1722 malis.
1451 1645 1523 1742 (23)
1548 1655 1784 1744 Interrogatus,
1819 1655 1985 1747 aquibus
2010 1654 2112 1725 bomo
2137 1677 2255 1727 cavere

558 1779 694 1865 debeat,
718 1781 778 1852 ait:
805 1781 857 1852 Ab
884 1778 1011 1850 invidia
1036 1778 1134 1848 amici
1160 1789 1193 1848 et
1217 1778 1388 1849 fraudibus
1414 1779 1553 1849 inimici.
1591 1771 1663 1868 (211)
1689 1781 1926 1872 Interrogatus,
1953 1805 2040 1874 quae
2062 1781 2144 1852 bora
2171 1792 2256 1853 esset

560 1907 752 1977 comestioni
779 1927 937 1996 congrua,
964 1904 1025 1975 ait:
1054 1905 1199 1975 Habenti
1225 1904 1314 1995 quod
1340 1904 1492 1974 comedat
1517 1903 1601 1974 bora
1625 1914 1676 1972 est
1700 1925 1857 1994 congrua,
1891 1927 1968 1974 eom
1994 1906 2161 1986 famescit:
2187 1928 2256 1975 non

558 2030 695 2102 babenti
719 2053 811 2114 vero,
838 2029 972 2121 quando
998 2027 1124 2098 babere
1150 2040 1264 2122 potest.
1311 2021 1384 2120 (25)
1409 2031 1647 2122 Interrogatus,
1674 2029 1763 2112 Quid
1791 2041 1839 2099 est
1864 2029 2058 2100 infirmitas?
2084 2031 2144 2100 ait:
2171 2032 2257 2101 Cor-

557 2156 648 2248 poris
674 2177 799 2227 carcer.
851 2147 924 2244 (26)
959 2155 1196 2245 Interrogatus,
1230 2142 1321 2236 Quid
1348 2163 1397 2223 est
1428 2153 1578 2224 tristitia‘l
1613 2153 1672 2222 ait:
1709 2153 1831 2223 Carcer
1864 2155 2009 2222 animae.
2062 2148 2134 2243 (27)
2167 2157 2256 2224 Dum

561 2273 693 2369 (Cuml)
716 2278 853 2371 quidam
879 2278 1042 2348 laetanter
1067 2277 1190 2348 diceret
1207 2277 1362 2369 Diogeni,
1391 2300 1426 2347 se
1443 2279 1484 2348 de
1502 2300 1589 2348 novo
1615 2297 1753 2347 uxorem
1780 2277 1927 2359 duxisse,
1955 2278 2001 2347 ait
2019 2277 2082 2348 illi:
2112 2279 2257 2348 Parvum
2376 2281 2382 2290 '

559 2403 715 2474 solatium
741 2413 774 2470 et
797 2421 955 2492 magnam
981 2399 1241 2472 sollicitudinem
1268 2424 1302 2472 es
1327 2401 1484 2473 lucratus.
1536 2395 1608 2491 (28)
1634 2401 1725 2471 Vidit
1750 2401 1917 2492 Diogenes
1947 2423 2062 2471 senem
2089 2401 2257 2493 quendam

558 2528 742 2618 tingentem
769 2523 918 2617 capillos,
952 2534 985 2594 ct
1009 2525 1057 2594 ait
1082 2524 1147 2606 illi,
1180 2524 1269 2607 Quia
1295 2547 1394 2595 canos
1420 2527 1577 2607 occultas,
1610 2549 1677 2596 non
1710 2534 1845 2618 propter
1870 2523 1934 2595 boe
1967 2537 2170 2595 senectutem
2196 2523 2257 2596 ab·

561 2648 704 2720 scondis.
755 2640 827 2738 (29)
863 2649 945 2718 Item
981 2647 1062 2718 vidit
1095 2649 1305 2742 insipientem
1338 2649 1510 2720 hominem
1536 2673 1614 2719 cum
1640 2651 1741 2720 anulo
1773 2671 1875 2718 aureo
1901 2659 1934 2720 et
1959 2649 2058 2718 dixit:
2093 2649 2199 2740 Magis
2225 2659 2256 2718 te

561 2773 697 2846 decorat
728 2794 859 2855 aurum,
893 2793 995 2864 quam
1026 2784 1133 2844 ornat.
1185 2766 1257 2863 (30)
1292 2773 1375 2844 Cum
1410 2773 1546 2866 qnidam
1581 2774 1736 2864 garrulus
1770 2773 1916 2866 sophista
1941 2775 2088 2866 Diogeni
2121 2773 2256 2857 diceret,

560 2898 659 2984 Quod
684 2919 749 2989 ego
774 2917 860 2980 sum,
885 2905 922 2966 tu
946 2917 1013 2966 non
1040 2917 1091 2976 es:
1118 2917 1181 2988 ego
1207 2919 1281 2968 sum
1306 2897 1418 2979 bomo,
1446 2919 1527 2988 ergo
1553 2907 1587 2966 tu
1613 2920 1680 2968 non
1706 2921 1741 2967 es
1759 2897 1870 2978 bomo,
1899 2899 1944 2968 ait
1959 2899 2144 2989 Diogenes:
2170 2900 2256 2981 Hoc,

563 3021 653 3114 quod
678 3017 860 3101 concludis,
888 3018 1009 3088 salsum
1036 3028 1096 3100 est,
1124 3019 1203 3112 quia
1228 3041 1248 3090 a
1273 3029 1304 3089 te
1329 3019 1494 3113 incepisti:
1522 3021 1580 3091 sed
1606 3021 1634 3090 si
1660 3020 1708 3090 vis
1734 3043 1849 3092 rernm
1868 3023 1900 3092 id
1918 3023 2003 3105 lieri,
2030 3045 2121 3092 ame
2147 3023 2257 3116 incipe

562 3154 594 3214 et
619 3145 654 3214 in
680 3151 714 3214 te
739 3141 911 3213 conclude.
951 3133 1024 3231 (31)
1049 3144 1274 3234 Interrogatus
1298 3143 1469 3233 Diogenes
1494 3166 1515 3213 a
1540 3141 1697 3236 quodam,
1724 3144 1759 3214 in
1777 3169 1843 3238 quo
1861 3146 1989 3216 turbari
2014 3147 2123 3216 Iacere
2148 3156 2259 3238 posset

560 3269 735 3340 inimicum
760 3290 870 3350 suum,
897 3267 944 3338 ait
968 3266 1033 3337 illi:
1061 3268 1145 3338 Cum
1172 3267 1276 3338 tusis
1303 3269 1399 3338 valde
1426 3268 1545 3339 bonus.

659 3443 713 3511 Ex
751 3439 937 3512 celebribus
971 3440 1041 3510 eius
1073 3439 1242 3510 sententiis
1286 3449 1436 3532 repertae
1471 3448 1547 3509 sunt
1580 3439 1675 3522 istae:
1711 3432 1783 3528 (32)
1821 3441 1873 3511 Ad
1906 3440 2173 3510 emendationem
2207 3439 2258 3509 sui

563 3568 745 3639 etc.=ltl
772 3566 806 3649 5,
833 3567 868 3635 2.
912 3559 984 3656 (33)
1009 3564 1110 3656 Vulgi
1136 3563 1337 3657 imperitiam
1364 3563 1623 3645 etc.=l1t7,
1643 3567 1677 3634 2.
1719 3558 1789 3655 (31)
1816 3565 1920 3634 lodex
1945 3564 2052 3634 bonus
2078 3566 2258 3636 etc.=bl

562 3691 622 3774 118,
652 3692 684 3760 1.
737 3682 809 3780 (35)
844 3688 912 3771 Qui
946 3689 1159 3758 innocentem
1193 3690 1377 3762 etc.=ld
1403 3690 1462 3772 d8,
1489 3692 1524 3759 2.
1576 3682 1649 3782 (36)
1683 3691 1906 3778 Conscientia
1929 3701 2008 3761 teste
2040 3691 2153 3761 nullae
2184 3700 2261 3759 sunt

563 3815 736 3885 etc.=P
765 3814 780 3882 1
812 3813 995 3885 Ciceronis.
1047 3806 1119 3903 (37)
1146 3813 1305 3883 Omnium
1331 3813 1487 3883 inimicus
1514 3817 1686 3886 etc.=P
1712 3817 1747 3884 2.
1800 3807 1871 3904 (38)
1899 3815 1934 3884 81
1966 3814 2072 3884 bonus
2097 3816 2146 3884 vis
2171 3813 2257 3897 fieri,

564 3948 640 4008 ate
667 3937 811 4031 expelle,
838 3936 927 4030 quod
954 3936 988 4006 in
1014 3937 1081 4007 alio
1107 3937 1258 4031 despicis.
1298 3931 1369 4027 (39)
1394 3937 1516 4008 Melius
1542 3949 1601 4020 est,
1628 3938 1795 4009 medicum
1821 3940 1925 4022 adire,
1952 3962 2052 4032 quam
2079 3940 2256 4008 accersire:

562 4085 724 4156 quaerere
750 4063 850 4156 igitur
875 4064 1050 4146 medelam,
1084 4064 1189 4134 donec
1215 4085 1313 4132 sanus
1339 4063 1453 4145 fueris,
1482 4063 1600 4133 melius
1627 4072 1687 4143 est,
1721 4086 1821 4156 quam
1847 4073 1925 4132 tunc
1950 4063 2120 4132 medicum
2144 4061 2260 4157 requi-

562 4210 649 4270 rere,
683 4209 760 4257 cnm
785 4197 937 4259 naturam
973 4188 1220 4281 exsuperaverit
1251 4187 1437 4279 aegritudo.
1490 4187 1544 4258 Sic
1572 4198 1621 4256 est
1646 4187 1748 4279 igitur
1773 4189 1860 4257 circa
1896 4209 2011 4256 euram
2043 4186 2149 4256 animi
2180 4208 2259 4278 pro-

564 4311 761 4383 cedendum.
815 4307 886 4405 (to)
912 4313 947 4382 Si
974 4314 1047 4406 quis
1074 4312 1195 4384 dixerit
1221 4311 1280 4382 tibi
1307 4312 1433 4382 bonum
1461 4311 1647 4393 consilium,
1682 4322 1812 4404 praesta
1844 4311 1893 4381 illi
1921 4333 1997 4407 cum
2031 4331 2145 4379 amore
2178 4309 2260 4378 obe·
2333 4295 2339 4302 ⁶

564 4435 735 4505 dientiam.
788 4431 860 4526 (dl)
895 4437 976 4506 Item
1014 4436 1144 4506 dicebat
1176 4438 1361 4528 Diogenes:
1402 4436 1486 4506 Cum
1519 4436 1642 4504 videris
1675 4459 1791 4504 canem
1831 4435 2047 4505 dimittentem
2086 4433 2258 4504 dominum

564 4579 659 4628 suum
693 4567 725 4627 et
758 4559 852 4651 sequi
886 4568 928 4641 te,
968 4582 1043 4630 cum
1082 4560 1248 4653 lapidibus
1286 4559 1394 4652 ipsum
1428 4560 1567 4653 repelle,
1607 4559 1685 4652 quia
1724 4559 1890 4652 relinquet
1923 4569 1967 4638 te,
2007 4557 2092 4626 sicut
2122 4557 2260 4649 reliquit

566 4682 674 4752 illum.
703 4719 749 4733 -

549 5001 569 5075 S
591 5006 638 5065 20.
669 5004 758 5083 Diog.
772 5003 806 5066 L.
820 5005 872 5066 VI.
887 5009 915 5083 2,
931 5007 983 5068 60:
1001 4991 1202 5092 Ἐρωτηθεὶς,
1223 4998 1256 5067 τί
1276 5003 1381 5068 ποιῶν
1400 4995 1483 5070 κύων
1503 5003 1653 5082 καλεῖται,
1676 4996 1754 5090 ἔφη,
1781 4990 1865 5079 Τοιῖς
1884 4999 1941 5084 μὲν
1961 4992 2112 5078 διδόντας
2132 4998 2259 5082 σαίνων,

469 5085 546 5174 roric
566 5095 602 5164 δὲ
621 5087 668 5186 μή
687 5091 837 5177 διδόντας
857 5091 992 5182 illaesis,
1012 5091 1089 5179 τούς
1107 5101 1144 5167 δὲ
1164 5091 1328 5191 πονηραῖς
1348 5093 1481 5168 δάκνων.
1530 5099 1547 5169 (Ι
1598 5101 1687 5174 set.
1724 5103 1813 5180 Diog.
1833 5100 1867 5161 L.
1888 5101 1940 5162 VI.
1962 5105 1991 5179 2,
2013 5103 2067 5162 dd:
2089 5089 2185 5184 Πρός
2203 5089 2261 5164 τόν

469 5187 666 5279 πυθόμενον,
687 5193 771 5284 ποίᾳ
791 5193 865 5286 cipp
885 5199 937 5264 dei
954 5191 1106 5285 α’ριστᾶν;
1127 5196 1168 5266 Εἰ
1187 5197 1243 5282 μὲν
1263 5189 1428 5279 πλούσιος,
1455 5194 1532 5286 ἔφη,
1558 5195 1638 5265 ὅταν
1657 5197 1752 5286 θέλῃ,
1773 5195 1803 5264 ei
1823 5197 1859 5264 δὲ
1879 5195 1986 5286 πένης,
2014 5193 2093 5264 ὅταν
2120 5193 2184 5286 ἔχῃ.
2236 5197 2253 5269 ΙΙ

469 5295 558 5367 931.
598 5297 678 5358 Plut.
707 5298 747 5360 de
776 5301 844 5362 and.
871 5301 981 5379 poetis.
1006 5319 1036 5378 p.
1058 5304 1097 5361 21
1119 5299 1154 5360 Ε.
1177 5305 1209 5362 et
1229 5302 1268 5362 de
1290 5301 1452 5379 capienda‘
1465 5318 1504 5361 ex
1525 5301 1606 5360 inim.
1626 5301 1690 5362 util.
1711 5318 1740 5378 p.
1762 5303 1801 5361 88
1820 5299 1863 5358 B:
1893 5293 2048 5384 Διογένης
2071 5291 2260 5382 ἐρωτηθεὶς,

470 5385 561 5470 ὅπως
581 5385 620 5460 dv
639 5416 689 5470 τις
709 5383 864 5478 ἀμύναιτο
884 5383 945 5462 adv
965 5384 1097 5482 ἐχθρόν,
1117 5383 1237 5472 Αιῖτός,
1261 5389 1338 5484 ἔφη,
1360 5385 1457 5473 καλός
1476 5384 1624 5482 κάγαθός
1644 5387 1818 5482 γενόμενος.
