4982 6280
1043 636 1183 704 -ll
1241 677 1308 696 -.

270 839 428 910 duntaxat
452 831 662 929 loquebatur,
690 835 777 926 qnae
802 857 845 904 ex
870 834 1053 926 iniquitatis
1078 833 1188 926 adipe,
1215 857 1317 929 quam
1343 833 1442 905 corde
1469 844 1676 928 conceperat,
1703 835 1935 928 procedebant.
1988 837 2059 909 lni-

267 962 373 1054 quitas
407 961 496 1031 enim
531 961 647 1031 sedere
681 958 881 1031 describitur
907 981 1006 1051 super
1030 959 1189 1028 talentum
1214 959 1354 1052 plumbi.
1406 952 1478 1050 (38)
1504 959 1726 1050 Vespasianus
1753 983 1898 1053 quoque,
1924 962 1966 1032 de
1992 987 2059 1057 quo

265 1086 302 1156 in
327 1085 415 1156 libro
439 1084 596 1166 secundo,
623 1083 703 1154 dum
729 1085 1040 1178 Hierosolymorum
1064 1083 1242 1153 destructio
1268 1082 1521 1165 describeretur,
1549 1083 1688 1153 fecimus
1716 1085 1931 1168 mentionem,
1958 1085 2058 1156 etiam

265 1209 457 1281 infimorum
482 1209 632 1280 convicia
657 1209 818 1301 patienter
836 1206 926 1289 tulit;
953 1207 1037 1277 adeo
1063 1217 1099 1276 ut
1123 1229 1202 1276 sene
1219 1206 1366 1277 bubulco
1391 1206 1620 1299 proclamante
1648 1207 1682 1276 iu
1709 1207 1948 1300 improperium
1975 1210 2057 1295 eius,

265 1333 408 1425 Vulpem
434 1333 539 1425 pilum
564 1355 659 1426 posse
685 1340 826 1411 mutare,
853 1354 919 1402 non
946 1331 1106 1411 animum,
1134 1353 1174 1400 eo
1200 1327 1289 1421 quod
1308 1342 1427 1402 natura
1452 1329 1684 1423 cupidissimus
1702 1344 1787 1402 esset
1813 1333 1974 1426 pecuniae
1991 1357 2055 1405 nec
2090 1359 2107 1410 5

266 1457 439 1528 avaritiam
465 1457 631 1527 minueret
655 1445 827 1550 processus
859 1456 986 1538 aetatis,
1019 1456 1228 1549 respondisse
1263 1455 1407 1526 dicatur:
1442 1455 1643 1525 Huiusmodi
1678 1455 1867 1527 hominibus
1900 1457 2057 1530 debemus

265 1583 382 1662 risum,
408 1582 504 1650 nobis
531 1581 783 1662 correctionem,
810 1580 868 1650 sed
884 1603 1025 1672 poenam
1044 1580 1242 1650 criminosis.
1283 1574 1355 1670 (39)
1373 1583 1459 1651 Nam
1476 1580 1517 1649 de
1535 1580 1608 1649 Tito
1635 1579 1704 1650 lilio
1731 1581 1801 1650 eius
1828 1581 1908 1674 quid
1927 1583 2058 1653 dicami

266 1707 324 1799 qui
350 1707 450 1800 patris
477 1705 653 1776 avaritiam
679 1715 768 1775 tanta
793 1704 993 1776 liberalitate
1019 1706 1183 1797 purgavit,
1210 1714 1246 1774 ut
1264 1726 1358 1776 amor
1383 1712 1415 1774 et
1441 1703 1581 1773 deliciae
1607 1703 1746 1774 humani
1772 1706 1904 1796 generis
1922 1708 1965 1776 ab
1982 1731 2058 1777 om-

265 1829 363 1900 nibus
390 1831 565 1910 diceretur,
592 1830 855 1899 constantissime
881 1841 996 1898 tenens
1022 1830 1056 1899 in
1083 1829 1242 1911 moribus,
1276 1852 1320 1898 ne
1345 1851 1445 1922 quem
1471 1829 1660 1919 postulandi
1685 1829 1792 1920 gratia
1825 1831 1867 1900 ad
1899 1853 1934 1899 se
1959 1854 2058 1901 acce-

266 1954 398 2025 dentem
425 1955 496 2024 sine
521 1977 579 2047 spe
613 1978 812 2048 quocunque
845 1956 944 2026 modo
979 1954 1166 2024 dimitteret.
1217 1946 1291 2044 (d0)
1316 1952 1411 2024 Unde
1445 1953 1725 2045 interrogantibus
1760 1953 1959 2038 domesticis,
1994 1980 2055 2027 cur
2073 1973 2106 2024 10

265 2079 362 2172 plura
387 2079 611 2171 polliceretur,
639 2101 738 2170 quam
774 2091 942 2172 praestare
968 2089 1089 2171 posset,
1119 2079 1306 2172 respondit:
1342 2081 1415 2148 Non
1450 2087 1578 2171 oportet
1613 2100 1813 2170 quemquam
1850 2103 1870 2149 a
1903 2103 2056 2152 sermone

265 2203 423 2295 principis
449 2203 574 2272 tristem
593 2203 780 2274 discedere.
832 2196 904 2294 (dl)
930 2203 1022 2274 Idem
1049 2226 1182 2298 quoque
1216 2204 1407 2274 recordatus
1439 2225 1539 2294 super
1569 2225 1719 2285 coenam,
1754 2204 1842 2293 quod
1873 2203 1959 2275 nibil
1990 2215 2057 2276 tota

266 2326 319 2397 die
346 2327 502 2421 cuiquam
527 2327 751 2419 praestitisset,
779 2328 894 2397 dolens
921 2336 955 2397 et
980 2350 1116 2418 gemeus
1146 2327 1247 2397 dixit:
1274 2328 1304 2398 Ο
1330 2327 1441 2408 amici,
1469 2325 1558 2396 hune
1584 2326 1671 2396 diem
1697 2326 1838 2419 perdidi.
1885 2327 1995 2410 Quem
2021 2329 2055 2398 iu

131 2489 149 2516 a
264 2451 330 2523 vita
355 2451 539 2531 offenderit,
567 2452 608 2520 ab
635 2451 944 2544 Hierosolymorum
969 2475 1127 2523 reversus
1153 2450 1295 2532 excidio,
1323 2449 1469 2520 nondum
1496 2449 1580 2540 legi:
1608 2460 1640 2519 et
1658 2451 1741 2521 forte
1768 2452 1863 2522 illum
1888 2452 2056 2523 vindicem

266 2573 477 2644 innocentiae
504 2586 535 2644 et
561 2574 713 2645 crucifixi
738 2577 955 2669 redemptoris
981 2578 1083 2668 elegit
1100 2577 1275 2658 Dominus,
1302 2577 1360 2669 qui
1386 2576 1545 2670 populum
1565 2588 1779 2647 excaecatum
1796 2577 1954 2648 incolumi
1972 2601 2054 2648 con·
2073 2587 2105 2638 ¹⁵

266 2695 402 2767 scientia
427 2721 492 2768 non
520 2697 617 2768 modo
644 2699 848 2783 iunocenter,
875 2700 933 2769 sed
960 2710 992 2769 et
1016 2699 1172 2791 religiose
1199 2699 1400 2792 deprimeret
1426 2711 1458 2770 et
1490 2699 1628 2770 deleret.
1679 2692 1751 2790 (112)
1777 2703 1899 2771 Nactus
1931 2699 2054 2772 etenim

265 2819 395 2903 boram,
423 2845 489 2914 qua
515 2823 726 2894 moriendum
752 2833 833 2904 erat,
862 2847 938 2893 cum
963 2823 1081 2894 lectica
1106 2823 1294 2904 veheretur,
1321 2825 1507 2916 suspexisse
1534 2823 1653 2895 dicitur
1679 2825 1821 2906 coelum,
1849 2823 2056 2917 multumque

266 2956 464 3037 conquestus
491 2955 550 3028 est,
578 2947 663 3040 eripi
688 2947 751 3018 sibi
776 2947 877 3018 vitam
903 2947 1109 3019 immerenti:
1136 2972 1244 3042 neque
1271 2949 1359 3018 enim
1394 2959 1523 3018 exstare
1548 2950 1655 3019 ullum
1682 2950 1805 3019 lactum
1830 2973 1939 3031 suum,
1966 2948 2055 3041 quod

264 3068 328 3139 sibi
353 3069 589 3162 poenitendum
616 3081 700 3141 esset
726 3082 864 3164 excepto
890 3095 957 3142 uno
984 3072 1154 3142 duntaxat.
1205 3074 1242 3144 ld
1268 3073 1367 3167 quale
1393 3072 1493 3142 luerit
1518 3095 1581 3141 nec
1607 3074 1677 3165 ipse
1702 3084 1781 3143 tunc
1806 3073 1961 3166 prodidit,
1994 3097 2057 3143 nc-

265 3214 331 3285 que
356 3193 513 3284 cuiquam
538 3205 653 3263 notum
679 3195 751 3264 luit.
791 3188 863 3286 (dd)
882 3195 973 3278 Quid
999 3196 1040 3265 de
1066 3193 1224 3288 patientia
1241 3195 1339 3265 buius
1365 3196 1494 3288 loquar,
1522 3197 1616 3266 cuius
1642 3207 1731 3266 tanta
1756 3197 1945 3288 benignitas
1971 3206 2052 3282 erat,
2070 3210 2105 3262 20

263 3324 302 3385 ut
325 3338 385 3384 sua
411 3316 543 3396 iniuria,
573 3316 651 3387 dum
677 3341 698 3388 a
724 3320 915 3390 concivibus
941 3320 1131 3401 abstineret,
1157 3318 1213 3388 vix
1232 3317 1382 3388 crederet
1408 3342 1611 3412 quemquam
1630 3343 1724 3412 posse
1751 3320 1888 3390 moveri.
1927 3321 2053 3391 Tantae

264 3441 429 3535 siquidem
455 3443 619 3514 civilitatis
645 3453 678 3514 et
702 3444 916 3514 humanitatis
942 3446 976 3514 in
1003 3446 1144 3537 imperio
1170 3444 1241 3526 luit,
1275 3456 1311 3515 ut
1336 3444 1489 3514 omnibus
1515 3445 1672 3537 prodesse
1704 3445 1900 3537 nullumque
1936 3445 2055 3537 punire

264 3566 440 3650 studuerit;
467 3568 635 3638 convictos
662 3569 898 3639 coniurationis
931 3580 1044 3640 contra
1077 3593 1112 3640 se
1146 3567 1272 3642 dimisit
1305 3570 1437 3641 illaesos
1463 3581 1495 3639 et
1531 3569 1565 3638 in
1596 3569 1768 3663 pristinam
1798 3569 2055 3640 familiaritatem

264 3691 407 3761 admisit.
458 3685 529 3782 (dd)
557 3693 622 3763 Sed
656 3704 688 3764 et
712 3695 934 3776 Domitianus
966 3695 1025 3788 qui
1052 3695 1282 3786 gravissimam
1312 3693 1557 3766 theomachiam
1589 3693 1737 3764 exercuit
1769 3705 1841 3786 post
1874 3694 2052 3776 Neronem,

264 3816 362 3887 buius
387 3817 515 3887 virtutis
540 3817 666 3911 aliquid
700 3818 898 3912 plerumque
924 3819 1060 3889 indulsit
1091 3819 1230 3903 civibus,
1265 3819 1342 3889 licet
1367 3819 1401 3888 in
1431 3841 1488 3887 eos
1519 3818 1620 3911 gratis
1648 3817 1848 3912 quandoque
1880 3817 2051 3900 insaniret,
2070 3836 2103 3890 aa

263 3940 363 4011 bomo
389 3941 524 4033 quidem
550 3965 790 4037 usquequaque
817 3942 954 4026 inutilis,
981 3954 1014 4012 et
1038 3946 1098 4038 qui
1122 3944 1207 4014 nibil
1234 3942 1323 4014 aliud
1350 3943 1495 4013 babebat
1520 3942 1626 4022 virile,
1660 3941 1725 4010 nisi
1752 3962 1875 4010 nomen
1909 3940 2052 4032 imperii.

348 4167 360 4216 1
377 4153 530 4233 iniquitas]
551 4155 609 4216 Die
630 4155 781 4231 iniqnitas
802 4157 885 4215 wird
903 4173 964 4217 von
987 4157 1046 4217 den
1068 4156 1254 4216 Kuenstlern
1277 4153 1469 4232 dargestellt,
1492 4154 1553 4216 wie
1575 4156 1622 4215 sie
1643 4151 1699 4213 aui
1716 4154 1819 4213 einem
1837 4153 1963 4214 Tataula
1983 4153 2053 4214 Blei

262 4253 349 4314 sitzt:
364 4254 404 4313 al.
419 4256 585 4332 iniquitatis,
601 4254 682 4329 qnod
698 4257 875 4332 corruptum
890 4271 962 4314 esse
974 4255 1105 4316 videtur.
1131 4249 1148 4330 (Ι
1174 4253 1254 4324 938.
1275 4253 1337 4315 Cfr.
1351 4253 1433 4314 Suet.
1446 4253 1578 4330 Vespas.
1598 4255 1643 4329 16,
1659 4255 1691 4312 et
1709 4251 1821 4312 Policr.
1836 4251 1872 4312 lb
1888 4268 1953 4331 cap.
1969 4253 2053 4314 tfln.

261 4356 295 4412 et
308 4369 374 4430 cap.
390 4355 416 4412 7.
441 4346 458 4427 Ι(
488 4350 698 4427 ttafimorum]
721 4369 789 4412 meo
809 4353 950 4431 periculo
973 4353 1141 4428 emendavi,
1164 4371 1231 4413 cnm
1250 4353 1280 4413 iu
1295 4353 1381 4414 editt
1404 4351 1543 4413 omnibus
1563 4353 1686 4429 legatur
1705 4351 1899 4425 indecoram.
1923 4345 1940 4425 Ι(
1967 4349 2051 4422 930.

262 4449 323 4510 Cir.
344 4448 426 4510 Suet.
447 4450 504 4510 Tit.
520 4467 586 4528 cap.
602 4453 617 4509 1
635 4453 667 4510 et
681 4453 708 4511 8.
729 4449 854 4528 Eutrop.
869 4451 936 4512 VH
951 4453 1008 4512 21:
1029 4453 1080 4512 vir
1101 4450 1137 4522 (1.
1159 4469 1185 4511 e.
1207 4451 1309 4522 Titus)
1330 4452 1462 4511 omnium
1484 4451 1630 4510 virtutum
1651 4466 1767 4526 genere
1788 4449 1939 4510 mirabilis
1961 4449 2050 4528 adeo,

260 4552 294 4608 ut
314 4564 402 4609 amor
422 4552 455 4609 ct
477 4548 605 4609 deliciae
626 4549 749 4609 hnmani
770 4550 893 4626 generis
924 4551 1089 4610 diceretur.
1118 4550 1193 4610 Aur.
1217 4549 1296 4610 Vict.
1320 4551 1392 4626 epit.
1419 4549 1459 4608 de
1487 4546 1575 4609 Gaas.
1605 4550 1657 4608 10:
1686 4547 1748 4608 Sed
1776 4547 1855 4608 haec
1881 4549 1914 4607 in
1942 4547 2052 4608 melius

260 4662 413 4707 conversa
433 4647 513 4708 adeo
536 4648 566 4707 ei
586 4648 789 4708 immortalem
810 4648 940 4725 gloriam
962 4649 1185 4724 contulerant
1206 4648 1337 4708 deliciae
1358 4651 1451 4723 atque
1472 4663 1559 4707 amor
1580 4647 1701 4706 bomani
1722 4647 1847 4725 generis
1869 4645 2049 4726 appellara-

260 4747 320 4806 tnr.
352 4739 369 4820 ΙΙ
406 4758 439 4807 to
462 4749 525 4805 sice
545 4743 610 4822 cpe]
633 4746 717 4805 edidi
737 4746 807 4807 coll.
828 4745 909 4808 Suet.
933 4747 953 4805 l.
974 4746 1009 4824 l.;
1033 4747 1119 4807 editt.
1142 4763 1248 4808 omnes
1269 4751 1332 4807 sinc
1352 4764 1386 4806 rc
1406 4747 1453 4807 oet
1471 4763 1523 4822 cpe
1553 4739 1570 4822 (Ι
1603 4741 1693 4814 §aa
1725 4744 1808 4804 Suet.
1828 4745 1883 4804 'lit
1907 4747 1935 4805 8.
1963 4742 2050 4807 Entr.

260 4843 327 4903 Vll.
350 4847 404 4905 21:
426 4843 599 4904 Facilitatis
622 4848 654 4904 et
673 4844 870 4906 liberalitatis
893 4849 997 4905 tautae
1019 4845 1085 4920 ibit,
1112 4849 1146 4905 nt
1167 4863 1234 4905 cum
1255 4845 1331 4904 nulli
1351 4845 1515 4921 quidquam
1543 4845 1673 4921 negaret
1693 4843 1786 4904 stab
1812 4841 1919 4902 amicis
1938 4858 2050 4920 repre-

260 4942 458 5020 henderetur,
479 4943 685 5022 responderit,
705 4941 829 5005 Nullum
849 4945 969 5004 tristem
991 4944 1106 5005 debere
1128 4946 1167 5005 ab
1189 4945 1376 5022 imperatore
1396 4942 1570 5002 discedere.
1597 4936 1615 5016 Ι(
1637 4939 1721 5010 sta.
1745 4939 1829 5000 Suet.
1844 4939 1901 5000 'l'it
1916 4941 1945 5000 8.
1966 4939 2051 5001 Entr.

259 5040 326 5100 vll.
348 5044 405 5101 21:
424 5041 593 5102 Praeterea
617 5059 685 5104 cum
707 5044 838 5120 quodam
860 5045 911 5103 die
931 5043 963 5102 iu
984 5059 1081 5104 caena
1101 5043 1284 5104 recordatus
1306 5042 1425 5117 luisset,
1446 5041 1525 5101 nibil
1546 5057 1581 5101 se
1601 5040 1656 5100 illo
1678 5039 1729 5100 die
1752 5039 1893 5113 cuiquam
1912 5040 2049 5116 praesti·

259 5141 348 5216 tisse,
370 5139 484 5201 dixerit
504 5139 620 5219 (suppl.
641 5147 675 5202 ct
694 5159 733 5202 ex
753 5139 1038 5211 antecedentibus):
1066 5139 1175 5217 Amici,
1196 5140 1291 5200 hodie
1313 5141 1393 5201 diem
1414 5139 1544 5216 perdidi.
1576 5131 1594 5213 Ι(
1625 5134 1715 5207 stt.
1756 5135 1839 5198 Suet.
1862 5137 1918 5196 rit.
1941 5139 1989 5196 10.
2021 5133 2038 5214 (Ι

260 5237 280 5309 S
301 5240 352 5299 13.
392 5237 478 5299 Entr.
498 5238 566 5298 VH.
587 5241 641 5298 21:
662 5239 779 5300 Romae
801 5242 905 5300 tantae
927 5239 1089 5300 civilitatis
1110 5239 1140 5297 in
1162 5239 1293 5316 imperio
1314 5237 1382 5314 luit,
1405 5243 1437 5299 ut
1456 5237 1572 5298 nullum
1592 5235 1715 5297 omuino
1736 5235 1867 5312 puniret,
1889 5235 2049 5296 convictos

259 5339 425 5400 adversum
452 5355 523 5400 sese
545 5339 767 5400 coniurationis
787 5341 830 5400 ita
852 5339 1013 5416 dimiserit,
1035 5339 1068 5398 ut
1088 5338 1119 5398 in
1141 5338 1249 5398 eadem
1270 5337 1489 5411 familiaritate,
1512 5353 1572 5414 qna
1591 5337 1682 5396 autea
1702 5334 1856 5396 habuerit
1888 5333 1951 5396 cu.
1965 5333 2052 5396 Suet

226 5513 228 5516 Ι
260 5435 317 5497 Tit
338 5439 366 5498 9.
406 5437 582 5500 Anthct.
605 5437 753 5499 detines.
776 5439 824 5499 10.
864 5435 1184 5516 spectatricem.
1217 5428 1235 5512 ΙΙ
1267 5434 1357 5505 Sti.
1398 5434 1459 5497 Clr.
1477 5435 1562 5496 Suet
1584 5434 1694 5496 Domit.
1717 5435 1744 5495 3.
1927 5441 1931 5448 ’
