4982 6280
1032 599 1275 671 -AE5...

251 810 445 894 corruptum
470 799 556 869 illud
580 801 787 893 Meuefronee,
814 790 916 886 (hlou.
944 796 1003 867 86.
1032 796 1065 866 b.
1093 795 1115 866 3
1143 808 1175 866 et
1199 799 1274 867 Par.
1301 790 1336 887 6)
1362 797 1452 890 quod
1478 797 1592 868 nescio
1626 819 1669 867 au
1701 819 1821 890 perse
1847 800 1956 894 ipsum
1981 800 2048 870 iam

247 931 428 1016 utrumque
453 924 606 994 libellum
632 923 816 994 eorundem
842 945 914 992 esse
930 921 1092 992 natalium
1117 921 1196 990 satis
1220 943 1387 1016 superque
1407 921 1610 1016 comprobet.
1649 923 1825 992 Praeterea
1850 925 1951 995 iidem
1977 923 2049 996 sere

249 1057 337 1130 sunt,
372 1070 515 1139 quorum
540 1048 723 1118 sententiae
755 1046 845 1140 apud
875 1049 899 1116 l.
928 1047 999 1118 Sar.
1027 1047 1703 1122 ineod.·}1amb.tind,tdon.Partss.
1731 1050 1901 1142 leguntur,
1928 1051 2048 1123 Graeci

248 1173 410 1242 nimirum
443 1184 474 1242 et
499 1173 654 1254 Romani,
687 1171 822 1242 barbari
855 1194 989 1265 quoque
1013 1171 1143 1264 aliquot
1174 1173 1268 1255 loeis,
1301 1173 1446 1243 exclusis
1481 1181 1592 1242 tamen
1626 1171 1815 1244 christianis
1847 1174 2047 1258 auctoribus,

250 1317 393 1388 quorum
419 1295 453 1365 in
478 1295 600 1366 talibus
625 1295 877 1367 collectionibus
903 1304 937 1364 et
961 1317 1039 1366 suus
1065 1297 1157 1366 locus
1183 1319 1254 1368 esse
1280 1298 1374 1379 solet,
1402 1296 1545 1367 exclusis
1563 1298 1712 1367 Homero
1732 1298 1940 1392 scenicisque
1964 1322 2049 1392 poe-

248 1419 303 1502 tis,
329 1441 471 1513 quorum
498 1420 674 1490 sententias
700 1420 861 1490 sichaeus
886 1420 1011 1514 aliique
1045 1421 1114 1490 suis
1140 1421 1353 1491 inseruerunt
1386 1419 1573 1511 florilegiis.
1624 1421 1816 1491 Occurrunt
1849 1420 1951 1514 igitur
1975 1423 2049 1493 An-

250 1542 415 1626 tisthenis,
440 1543 611 1637 Aristippi,
637 1543 835 1626 Aristotelis,
861 1544 1015 1635 Augusti,
1041 1545 1181 1629 Biantis,
1209 1547 1371 1630 Caesaris,
1398 1546 1545 1630 Catonis,
1572 1544 1735 1629 Chilonis,
1766 1547 1951 1631 Ciceronis,
1977 1549 2049 1618 De-

249 1667 368 1750 madis,
385 1667 632 1750 Demosthenis,
650 1668 823 1758 Diogenis,
841 1668 1106 1761 Epaminondae,
1125 1669 1349 1762 Hermogenis
1366 1664 1598 1762 (cuiusnaml),
1625 1671 1839 1756 hlenelranis,
1856 1671 2047 1756 Phocionis,

249 1791 406 1874 Platonis,
431 1791 651 1886 Pythagorae,
678 1793 868 1876 Simonidis,
896 1792 1040 1874 Solonis,
1072 1792 1302 1886 Theophrasti,
1329 1793 1536 1876 Xenocratis,
1570 1795 1714 1864 Zenonis
1745 1795 1861 1866 variae
1887 1795 1987 1867 variis
2012 1795 2048 1866 in

249 1914 420 1986 codicibus
445 1917 639 1986 sententiae.
690 1918 809 2010 Neque
835 1916 898 1986 boc
923 1917 1214 2009 praetereundum,
1240 1940 1284 1987 ne
1310 1939 1416 1988 unum
1442 1916 1578 2011 quidem
1603 1917 1748 1988 inveniri
1771 1919 1963 2002 interillos,
1989 1919 2048 2012 qui

249 2039 434 2111 secundum
459 2051 533 2134 post
549 2041 628 2112 Chr.
646 2043 796 2113 seculum
822 2041 972 2132 attingat,
998 2039 1057 2110 sed
1082 2062 1209 2122 eorum,
1236 2040 1295 2133 qui
1319 2039 1540 2111 recentissimi
1564 2051 1877 2124 commemorantur,
1904 2050 2047 2112 aetatem

250 2164 453 2235 descendere
479 2189 584 2260 usque
618 2166 661 2236 ad
693 2166 840 2260 primum
864 2188 898 2258 p.
925 2163 1004 2235 Chr.
1032 2164 1200 2234 seculum:
1234 2165 1395 2235 exhibent
1430 2163 1533 2256 igitur
1557 2166 1649 2235 Parr.
1676 2165 1823 2236 Senecae
1855 2166 2046 2249 sententias,

249 2280 288 2378 (ὃ
315 2288 374 2359 84.
401 2283 463 2380 85)
487 2292 579 2361 lllon.
604 2289 757 2382 Augusti,
783 2289 878 2381 Xysti
903 2287 1030 2358 Tiberii
1055 2288 1218 2381 aequalis,
1245 2288 1328 2372 Titi;
1355 2282 1401 2377 (hl
1419 2288 1480 2372 35,
1499 2289 1542 2371 [ις
1570 2286 1628 2372 15,
1645 2290 1688 2371 [ις
1715 2287 1775 2371 35,
1794 2283 1830 2381 5)
1856 2289 1929 2362 cod.
1947 2289 2047 2362 Lind.

249 2411 406 2504 Augusti,
431 2413 569 2497 Tiberii,
595 2415 659 2485 Titi
685 2414 784 2484 dicta.
830 2403 870 2502 (ὃ
897 2411 931 2482 9.
961 2405 1031 2502 15.)
1082 2413 1192 2484 Unam
1218 2411 1364 2505 denique
1390 2413 1643 2507 simplicemque
1669 2435 1740 2483 esse
1766 2424 1921 2485 naturam
1946 2425 2047 2508 atque

250 2535 400 2608 indolem
417 2537 683 2608 Caeciliauorum
709 2539 971 2630 fragmentorum
997 2535 1158 2618 inuenies,
1185 2535 1213 2606 si
1235 2536 1277 2606 ad
1296 2535 1475 2608 dictionem
1502 2536 1643 2608 eandem
1660 2537 1695 2607 in
1714 2535 1787 2607 eod.
1806 2538 1929 2608 llamb.
1946 2536 2045 2610 Lind.

249 2663 340 2732 lilon.
359 2661 477 2732 Parios.
496 2661 646 2733 animum
672 2661 869 2744 adverteris;
896 2683 1013 2733 rerum
1038 2659 1101 2730 hae
1119 2659 1161 2730 de
1177 2684 1214 2732 re
1231 2660 1292 2732 sub
1318 2660 1421 2732 linem
1446 2659 1553 2733 libelli
1579 2661 1742 2732 disserere
1768 2660 1851 2731 mihi
1875 2662 2044 2756 proposui.

250 2785 336 2858 blibi
367 2785 503 2880 quidem
538 2787 604 2856 iam
635 2786 718 2858 baec
749 2786 904 2857 sulficere
929 2785 1094 2871 videntur,
1126 2788 1215 2859 unde
1245 2786 1341 2858 codd.
1368 2787 1459 2858 hlon.
1494 2796 1529 2856 et
1554 2785 1674 2858 Pariss.
1709 2809 1753 2856 ex
1785 2809 1868 2857 uno
1899 2787 2046 2859 Caecilio

249 2907 356 2980 Balbo
382 2908 518 2978 lluxisse
543 2908 636 2980 facili
660 2911 797 3000 negotio
822 2909 966 3002 intelligi
991 2911 1111 3003 possit;
1138 2911 1240 3004 idque
1266 2911 1383 3005 quovis
1411 2912 1553 3005 pignore
1576 2909 1815 2994 contenderim,
1841 2910 1949 2984 donee
1974 2913 2045 2998 alii,

252 3056 295 3102 ex
319 3055 464 3127 quonam
491 3033 558 3104 alio
584 3034 745 3105 anecdota
770 3033 830 3104 illa
855 3033 920 3104 sint
945 3033 1130 3128 desumpta,
1157 3036 1326 3107 evincant:
1358 3035 1497 3108 Publius
1522 3037 1623 3130 Syrus
1658 3044 1748 3108 certe
1773 3034 1915 3106 multum
1940 3035 2044 3122 abest,

251 3163 288 3225 ut
312 3177 373 3226 uos
398 3156 433 3225 in
458 3157 627 3248 augustias
652 3157 805 3228 adducat.
