4982 6280
1211 625 1487 733 ...ω-,Ι

537 822 632 905 Quae
659 823 761 914 igitur
786 823 963 894 Suetonius
989 823 1099 894 verbis
1125 825 1363 894 obtrectatorum
1386 827 1465 895 iocis
1491 827 1663 896 obnoaiam
1688 827 1805 896 leviter
1832 837 1960 900 tantum
1978 829 2115 914 indicat,
2142 831 2230 926 apud

437 947 528 1018 bun'c
553 948 703 1040 pluribus
729 957 952 1039 exponuntur.
1005 948 1073 1017 Cir.
1101 949 1215 1017 etiam:
1310 985 1319 1006 κ
1428 946 1431 952 ’

488 1073 578 1142 Suet.
605 1073 721 1142 Octav.
741 1070 805 1140 73:
833 1073 917 1142 Usus
943 1081 991 1141 est
1017 1121 1027 1141 .
1054 1125 1063 1141 .
1091 1124 1099 1141 .
1128 1123 1137 1140 .
1165 1071 1290 1142 calcia·
1424 1074 1450 1142 Ι.
1478 1074 1648 1144 Sar.·Poi.
1674 1075 1732 1157 ΙΙΙ,
1767 1075 1825 1158 1t,
1856 1076 1922 1148 35:
1957 1079 2000 1148 Et
2033 1103 2103 1149 acm
2127 1103 2230 1151 nanus

438 1197 557 1266 mentis
583 1195 779 1278 altiuscuiis,
806 1206 842 1265 ut
866 1195 1048 1288 procerior,
1080 1219 1180 1289 quam
1206 1205 1287 1279 erat,
1376 1197 1414 1266 ob
1439 1197 1580 1289 corporis
1614 1197 1794 1268 breuitatem
1824 1202 2031 1271 conuia'ontis
2065 1204 2230 1274 cniusdam

437 1321 615 1392 videretur.
1373 1323 1491 1413 impetu
1506 1323 1673 1404 diceretur,
1687 1321 1750 1391 sibi
1764 1325 1992 1396 calciamentis
2009 1327 2230 1417 grandiuscu-

1375 1447 1415 1516 lis
1441 1447 1602 1517 utendum
1630 1471 1701 1518 esse
1725 1451 1908 1540 respondit.
2013 1535 2017 1546 Ι

536 1567 665 1639 Deinde
699 1591 778 1638 vero
813 1569 1008 1639 Suetonium
1042 1569 1081 1638 iis
1115 1566 1194 1660 ipsis
1229 1569 1323 1652 locis,
1359 1595 1446 1662 quae
1481 1595 1556 1641 cum
1588 1573 1614 1642 Ι.
1650 1573 1722 1642 Sar.
1757 1575 1976 1657 consentiunt,
2012 1576 2053 1646 ad
2087 1577 2228 1647 aliorum

437 1691 634 1784 scriptorum
659 1713 838 1784 provocare
864 1691 1093 1762 auctoritatem
1119 1693 1324 1772 monendum
1351 1707 1409 1777 est,
1436 1695 1556 1765 veluti:

489 1815 578 1884 Suet.
597 1814 692 1884 Caes.
713 1814 775 1884 b'l:
803 1811 1011 1884 Britanniam
1028 1816 1149 1907 petisse
1168 1809 1288 1908 (suppl.
1427 1819 1454 1886 Ι.
1481 1819 1514 1887 S.
1543 1819 1614 1889 Pol.
1640 1820 1698 1902 ΙΙΙ,
1724 1821 1779 1903 ib,
1802 1820 1864 1891 ts:
1893 1823 2069 1892 Praeterea
2094 1845 2230 1915 marga·

436 1937 531 2006 multi
543 1933 764 2030 prodiderunt)
784 1959 841 2029 spe
858 1937 1127 2029 margaritarum,
1146 1959 1289 2032 quarum
1376 1941 1516 2010 ritarum
1531 1942 1764 2036 cupidissimus
1778 1955 1859 2026 erat,
1870 1967 1963 2037 quas,
1977 1945 2104 2038 pondus
2114 1969 2229 2017 earum

437 2062 691 2156 amplitudinem
703 2063 929 2133 conterentem
939 2062 1105 2133 interdum
1117 2085 1288 2134 suamanu
1377 2063 1542 2134 interdum
1560 2087 1663 2136 manu
1690 2067 1875 2148 conserens,
1895 2067 2113 2140 discernebat.
2152 2070 2229 2140 Cum

435 2188 588 2279 exegisse
606 2187 748 2281 pondus.
1376 2209 1451 2278 erpo
1464 2166 1600 2259 Caecilii
1611 2193 1725 2274 inuito,
1735 2214 1800 2262 rem
1812 2207 1846 2262 ut
1855 2197 1969 2286 smeret
1981 2206 2107 2264 senatus
2120 2207 2229 2263 aucto-

1376 2313 1470 2380 ritate
1494 2313 1724 2394 denuntiasset,
1746 2328 1783 2384 ut
1807 2317 1838 2384 ei
1861 2315 2037 2398 uidebatur,
2061 2317 2227 2400 iniustam,

1377 2436 1468 2514 Ante,
1492 2437 1609 2528 inquit,
1637 2436 1805 2507 satiaberis
1830 2440 2029 2528 marparitis.

534 2563 579 2632 Et
602 2573 640 2633 ut
664 2562 728 2634 boc
753 2565 827 2634 loco
855 2563 1031 2634 Suetonius
1056 2584 1125 2631 non
1157 2559 1265 2632 solum
1291 2559 1375 2630 alios
1406 2559 1582 2653 scriptores
1607 2571 1738 2631 secutus
1765 2584 1839 2633 esse
1870 2563 2011 2645 videtin,
2044 2563 2228 2634 sedetiam

435 2686 572 2756 uberior
599 2697 648 2756 est
672 2689 698 2756 Ι.
725 2689 797 2758 Sar.
825 2688 1002 2768 enarratio,
1033 2686 1078 2754 ita
1104 2685 1178 2755 loco
1204 2705 1337 2778 quoque
1362 2706 1462 2776 supra
1494 2684 1639 2767 laudato,
1666 2687 1757 2756 Suet.
1784 2687 1878 2756 Caes.
1904 2685 1953 2756 t5
1979 2691 2227 2780 praecesserant

436 2809 541 2880 verba
566 2810 680 2890 ,tuisse
705 2814 846 2882 traditur
872 2813 1004 2882 excelsa
1029 2811 1173 2890 statura',
1200 2819 1248 2889 ,ut
1273 2809 1406 2900 quidam
1431 2809 1739 2901 exprobraverunt,
1766 2811 1872 2890 ,cultu
1890 2809 2071 2881 notabilem
2096 2814 2225 2904 ferunt’.

419 2933 506 3004 ,cta
533 2945 719 3026 praeterea:

487 3061 579 3130 Suet
614 3062 714 3154 Vesp.
756 3061 812 3131 16.
878 3069 1038 3134 nutam
1075 3069 1193 3129 natura
1229 3082 1290 3130 cu·
1427 3059 1497 3129 Pol.
1523 3059 1548 3129 l.
1574 3059 1596 3129 l.
1619 3058 1680 3129 38.
1722 3060 1832 3130 Etiam
1858 3060 2053 3130 infimorum
2078 3062 2228 3132 convicia
2353 3091 2357 3098 ·

436 3183 646 3276 pibissimum
680 3193 834 3251 nonunt
867 3183 968 3276 idque
999 3183 1233 3275 exprobratum
1260 3184 1292 3252 ei
1376 3183 1541 3277 patienter
1566 3183 1652 3265 tulit,
1679 3183 1762 3254 adeo
1781 3193 1816 3253 ut
1833 3206 1912 3255 sene
1933 3184 2079 3255 bubulco
2095 3186 2227 3278 procla·

437 3330 459 3377 a
493 3328 573 3376 sene
609 3307 773 3388 bubulcot
809 3307 867 3400 qui
898 3316 1021 3398 negata
1052 3307 1116 3376 sibi
1147 3307 1291 3398 gratuita
1380 3307 1550 3376 manteia
1578 3306 1816 3401 improperium
1842 3311 1924 3393 eius,
1951 3310 2228 3403 Vulpempilunt
2263 3345 2270 3359 ·

437 3431 599 3514 libertate,
634 3456 734 3526 quam
766 3432 946 3524 imperium
972 3431 1127 3525 adeptum
1159 3430 1290 3523 suppli·
1375 3453 1473 3523 posse
1499 3441 1640 3512 mutare,
1666 3454 1733 3501 non
1750 3431 1911 3514 animum,
1938 3432 2086 3526 eoquod
2110 3441 2229 3503 natura

436 3556 519 3627 citer
552 3557 678 3640 orabat,
711 3556 977 3650 proclamaverit,
1004 3556 1146 3648 Vulpem
1181 3556 1287 3648 pilum
1375 3555 1606 3647 cupidissimus
1620 3556 2147 3647 essetpecuniae,uecoooritiam
2163 3559 2228 3626 mi·

436 3689 577 3760 mutare,
605 3703 674 3750 non
698 3702 819 3750 mores.
1373 3693 1480 3750 namet
1509 3702 1670 3771 procmms
1701 3683 1825 3763 aetatis,
1857 3683 2054 3774 respondisse
2084 3682 2227 3751 dicatur:

1018 3807 1021 3816 ⁴
1374 3804 1573 3874 Huiusmodi
1605 3807 1786 3876 bominibus
1819 3807 1962 3877 debenus
1990 3808 2104 3889 risum,
2136 3805 2228 3896 nobis

1071 4013 1081 4036 ο
1374 3931 1605 4010 correctionem,
1633 3931 1686 3998 sed
1708 3951 1844 4021 poenam
1869 3931 2057 4000 criminosis.

534 4053 606 4121 lam
631 4051 812 4144 quaeritur,
839 4051 923 4122 sitne
949 4063 1064 4123 auctor
1089 4053 1158 4134 ille,
1186 4075 1253 4145 quo
1278 4054 1303 4122 Ι.
1331 4053 1402 4122 Sar.
1429 4063 1460 4121 et
1486 4051 1577 4122 Suet.
1602 4053 1655 4123 usi
1680 4063 1765 4134 sunt,
1791 4075 1829 4124 re
1854 4075 1932 4124 rere
1958 4054 2122 4124 Caecilius
2147 4052 2227 4123 bal·

436 4176 510 4258 bus,
537 4198 579 4245 an
604 4175 722 4276 loanni
747 4213 796 4228 -
822 4175 864 4245 ab
891 4199 990 4268 quam
1017 4176 1246 4248 coniecturam
1270 4175 1424 4269 equidem
1450 4176 1630 4267 confugere
1656 4175 1762 4245 nolim
1788 4176 2070 4267 -integriorem
2096 4187 2129 4246 et
2152 4177 2227 4270 ple-

437 4300 567 4371 niorem
593 4301 741 4370 Suetonii
775 4300 924 4371 codicem
950 4301 993 4371 ad
1019 4323 1135 4372 manus
1167 4301 1267 4370 fuisse
1302 4299 1512 4371 statuendum
1538 4301 1594 4370 sit:
1629 4299 1687 4369 sed
1716 4301 1783 4370 iam
1808 4300 1850 4371 ad
1876 4301 2002 4370 exitum
2029 4301 2119 4372 venit
2142 4300 2226 4370 baec

436 4423 599 4518 quaestio,
627 4447 702 4494 cum
729 4425 834 4496 codex
859 4425 1042 4496 Lindenbr.
1069 4417 1095 4515 §
1117 4425 1151 4510 9,
1178 4449 1264 4520 quae
1290 4437 1322 4498 et
1348 4429 1437 4523 apud
1454 4429 1544 4500 Suet.
1562 4431 1651 4521 Aug.
1678 4429 1721 4498 51
1752 4439 1786 4498 et
1810 4429 1898 4522 apud
1916 4432 1942 4501 Ι.
1962 4431 2032 4500 Sar.
2051 4429 2074 4499 l.
2093 4430 2115 4499 Ι.
2135 4419 2160 4518 S
2178 4427 2227 4498 et

436 4547 591 4639 legimus,
626 4547 765 4618 Caecilii
799 4571 869 4618 esse
901 4559 1049 4632 testetur,
1083 4551 1228 4643 itemque
1265 4551 1328 4622 sibi
1353 4552 1575 4646 respondeant
1599 4553 1697 4623 Lind.
1728 4553 1800 4634 13⁸,
1827 4554 1918 4623 Suet.
1946 4553 2041 4623 Caes.
2069 4552 2116 4623 ts
2143 4553 2225 4624 etl.

437 4672 508 4741 Sar.
528 4673 551 4740 Ι.
571 4673 592 4741 Ι.
611 4663 637 4762 §
659 4674 714 4741 16.
754 4672 849 4755 Quae
875 4673 904 4742 si
929 4684 1017 4743 recte
1043 4673 1218 4767 disputavi,
1245 4677 1386 4746 multum
1412 4676 1480 4748 iam
1505 4678 1703 4769 proiecimus
1729 4677 1771 4747 ad
1793 4677 1932 4749 Caecilii
1957 4677 2060 4747 nostri
2084 4686 2225 4747 aetatem

436 4795 535 4866 certis
567 4793 765 4888 quibusdam
799 4793 921 4866 finibus
951 4796 1306 4880 circumscribendam
1341 4800 1557 4873 confirmatur
1588 4802 1698 4884 etiam,
1734 4803 1823 4895 quod
1856 4811 1984 4872 veteres
2009 4811 2043 4871 et
2067 4811 2225 4872 nostrates

436 4919 586 4988 certatim
612 4918 653 4988 de
679 4919 838 4989 Suetonio
864 4919 1104 5003 iudicaverunt,
1132 4920 1222 4994 bunc
1247 4923 1442 5016 scriptorem
1466 4937 1595 4999 veteres
1620 4935 1772 4996 auctores
1804 4926 2058 5018 diligentissime
2093 4924 2226 5018 pervol-

435 5044 521 5114 visse
548 5067 670 5137 eosque
696 5045 853 5136 religiose
879 5057 1028 5116 secutum
1055 5070 1137 5118 esse.

535 5169 587 5242 Ad
612 5171 862 5243 Macrobium
888 5173 1069 5243 transituro
1095 5174 1178 5244 mibi
1204 5199 1270 5246 non
1297 5177 1438 5246 multum
1464 5177 1619 5246 relictum
1645 5186 1694 5245 est
1718 5173 1841 5245 laboris
1867 5185 1966 5270 atque
1983 5174 2139 5268 periculi:
2165 5175 2224 5269 qui

436 5293 524 5363 enim
551 5293 619 5364 iam
638 5295 832 5366 Suetonium
850 5296 996 5367 Caecilio
1021 5306 1134 5368 nostro
1159 5320 1256 5368 usum
1282 5321 1353 5368 csse
1380 5300 1605 5390 comprobent,
1633 5300 1722 5370 baud
1747 5300 1872 5382 dubito,
1900 5300 1981 5393 quin
2009 5299 2097 5370 idern
2123 5299 2223 5368 etiam

436 5419 472 5489 in
488 5422 658 5493 Macrobio
683 5423 894 5494 statuendum
921 5447 992 5496 esse
1017 5425 1081 5495 sibi
1102 5425 1168 5496 sint
1191 5426 1392 5520 persuasuri.
1432 5427 1496 5496 Sed
1513 5448 1618 5496 unum
1636 5435 1695 5509 est,
1722 5448 1789 5519 quo
1805 5424 1995 5497 Macrobius
2020 5445 2223 5517 magnopere
