4982 6280
1033 629 1278 700 ..25-

675 850 699 900 ο.
720 830 908 900 ¹Aristoteles
946 831 1032 900 dicit
1097 828 1243 901 Difficile
1282 850 1353 897 esse
1391 827 1425 896 in
1464 849 1502 896 re
1539 847 1698 919 prospera
1736 824 1860 895 amicos
1898 823 2053 917 probare,

677 976 701 1026 t.
728 957 762 1025 in
788 954 927 1026 adversa
952 973 1083 1045 semper
1108 953 1219 1022 facile.
1393 949 1736 1021 THEOPHRASTVS
1758 949 1906 1018 DleT:

728 1079 897 1173 Expedirc
923 1079 990 1148 iam
1015 1078 1170 1172 probatos
1196 1077 1320 1148 amicos
1346 1077 1462 1157 amari,
1489 1098 1589 1170 quam
1616 1084 1742 1144 amatos
1767 1073 1913 1165 probari.

677 1223 701 1275 a
727 1204 851 1287 Quanti
878 1214 927 1273 est
951 1203 1024 1273 siue
1050 1204 1164 1273 anima
1189 1225 1319 1295 corpus,
1346 1201 1427 1271 tanti
1453 1209 1501 1270 est
1623 1199 1820 1290 Ptytboporor
1845 1199 1941 1268 dixit.

616 1349 640 1400 ο.
660 1349 700 1400 ιο.
726 1328 797 1398 sine
839 1327 956 1399 amicis
997 1328 1109 1398 bomo.
1186 1327 1358 1397 Amicitias
1400 1324 1603 1394 immortales
1647 1346 1719 1394 esse
1760 1332 1900 1416 oportet.
1969 1323 2053 1394 Cum
2072 1348 2105 1399 ιο

659 1473 700 1523 ιι.
726 1452 842 1522 amicis
891 1453 1036 1522 rationes
1086 1452 1223 1533 breves,
1275 1449 1439 1520 amicitias
1488 1450 1606 1541 longas
1657 1470 1729 1518 csse
1779 1457 1918 1541 oportet.
2006 1449 2056 1519 lta

661 1576 854 1646 1aamicus
880 1585 963 1658 esto,
989 1587 1025 1645 ut
1050 1573 1204 1644 inimicus
1231 1595 1394 1643 essenon
1421 1573 1548 1642 timeas.
1598 1573 1752 1643 Amicum
1777 1571 1938 1642 blandum
1963 1593 2055 1656 cave,

660 1720 702 1770 ιο.
727 1701 822 1771 cuius
839 1722 991 1770 amarum
1010 1709 1059 1768 est
1075 1721 1218 1791 semper,
1238 1697 1325 1792 quod
1345 1697 1444 1768 brerit
1460 1696 1569 1767 dulce.
1608 1697 1813 1789 Principium
1826 1695 1991 1766 amicitiae
2009 1706 2058 1767 est

659 1825 812 1896 1e.beue
873 1823 976 1916 loqui.
1125 1825 1306 1894 Fortunato
1365 1823 1472 1893 amico
1528 1831 1681 1904 vocatus,
1742 1822 1942 1892 infortunato
2002 1821 2058 1891 in·

600 1969 702 2022 1o.1o.
731 1960 865 2020 vocatus
882 1957 1013 2040 praesto
1032 1942 1145 2034 [esto].
1184 1947 1440 2018 bonusamicus
1466 1946 1574 2016 laesus
1596 1945 1729 2037 gravius
1756 1945 1917 2015 irascitur.
1957 1947 2055 2015 Nun·
2073 1959 2105 2012 ιο

731 2095 833 2164 quam
869 2071 1001 2142 fidelem
1038 2071 1114 2158 tibi,
1148 2094 1249 2164 quem
1284 2095 1326 2142 ex
1358 2071 1466 2142 amico
1497 2070 1670 2141 inimicum
1701 2069 1873 2141 habueris:
1910 2069 1994 2138 etsi
2020 2069 2056 2139 in

728 2195 868 2287 gratiam
911 2195 1033 2266 reverti
1076 2195 1273 2286 quaesierit,
1317 2217 1360 2263 nc
1402 2193 1518 2264 credas
1560 2193 1627 2264 illi:
1671 2203 1818 2285 captatus
1860 2166 1957 2263 οιιίιιιΙ
1990 2194 2057 2264 uti-

727 2318 837 2399 litate,
888 2342 955 2389 non
1007 2319 1115 2390 amica
1165 2313 1341 2388 revertitur
1386 2319 1574 2400 voluntate,
1626 2327 1661 2387 ut
1703 2316 1859 2408 fingendo
1901 2315 2056 2410 decipiat,

661 2464 701 2514 ιι.
728 2467 828 2536 quem
862 2467 928 2515 non
963 2445 1071 2538 potuit
1099 2443 1340 2538 persequendo.
1392 2443 1547 2514 Amicum
1579 2442 1713 2514 laedere
1739 2466 1782 2512 ne
1814 2443 1888 2512 ioco
1921 2442 2056 2536 quidem

601 2589 643 2640 ιο
660 2589 703 2640 ιο
727 2579 866 2662 oportet.
941 2569 1060 2639 Amico
1102 2592 1142 2638 ea
1185 2568 1346 2640 exhibere
1388 2568 1500 2649 decet,
1543 2591 1629 2660 quae
1672 2567 1731 2638 tibi
1773 2568 1865 2638 velis.
1936 2568 2055 2638 Amico
2072 2582 2107 2636 οο

727 2691 809 2762 fides
847 2692 1025 2782 coagulum
1065 2703 1113 2762 est
1150 2692 1335 2774 amicitiae,
1378 2692 1539 2784 sapientia
1581 2691 1847 2773 firmamentum,
1891 2693 2058 2764 contentio

727 2815 922 2897 discidium
965 2815 1125 2908 perfidia,
1169 2814 1294 2885 nodosa
1336 2815 1512 2894 materies,
1555 2815 1623 2885 suis
1662 2813 1696 2883 in
1739 2813 1897 2884 damnum
1940 2815 2058 2885 crescit

659 2963 701 3014 ιο.
728 2940 926 3030 augmentis.
1167 2940 1220 3009 De
1243 2941 1347 3009 amico
1372 2953 1400 3008 et
1424 2940 1555 3008 inimico
1579 2939 1722 3008 Socrates
1746 2939 1855 3008 dixit:
2071 2961 2155 3016 οι...

331 3079 408 3134 Χνι
437 3081 599 3137 nonomine
616 3086 704 3138 rosto.
727 3065 791 3132 Pro
824 3062 930 3133 amico
962 3062 1071 3133 occidi
1105 3061 1253 3155 expedit,
1285 3084 1387 3154 quam
1420 3085 1495 3131 cum
1527 3061 1664 3132 inimico
1695 3061 1819 3134 rivere.
1870 3062 1922 3132 De
1953 3063 2058 3135 bomi-

727 3213 766 3257 ne
816 3189 908 3280 foedo
957 3190 1126 3281 Diogenes.
1216 3187 1299 3257 Cum
1344 3187 1394 3258 illi
1446 3188 1581 3259 domum
1632 3210 1727 3258 suam
1778 3187 1879 3257 bomo
1931 3189 2057 3259 lormae

263 3412 423 3484 Drscnsr.
444 3415 528 3485 Con.
546 3411 702 3487 Monac:
731 3416 1058 3490 immunitus
1086 3410 1103 3498 ΙΙ
1132 3421 1348 3510 9Ptytogoros
1380 3430 1397 3510 Η
1428 3421 1471 3488 15
1490 3433 1552 3488 esto
1569 3441 1635 3488 om.
1666 3423 1684 3512 Η
1715 3421 1757 3496 19
1776 3421 1876 3490 ledere
1901 3426 1918 3516 Η
1949 3420 2007 3491 87.
2025 3445 2057 3492 a.

284 3575 895 3590 b·——-————-—-—--—-.--
912 3585 919 3588 -
940 3583 1009 3590 α-
1027 3583 1115 3589 --——
1128 3583 1282 3590 -—-—-——..-

343 3666 410 3744 XV,
432 3670 461 3730 6.
500 3670 555 3729 W.
580 3669 614 3732 B.
645 3673 776 3733 Aristot.
816 3673 952 3734 Difficile
982 3677 1032 3734 est
1053 3717 1060 3749 ,
1083 3717 1090 3731 .
1112 3717 1119 3732 .
1141 3713 1148 3728 .
1169 3669 1272 3732 facile.
1322 3663 1339 3736 ll
1390 3673 1460 3749 xV,
1488 3671 1640 3732 7=Par.
1666 3674 1715 3732 26.
1755 3672 1792 3732 V.
1816 3689 1861 3750 sp.
1882 3673 1911 3732 b.
1934 3675 1962 3749 5,
1984 3676 2003 3734 2
2025 3679 2059 3736 et

265 3781 312 3842 sp.
335 3765 415 3842 (1.6,
438 3769 489 3826 id:
517 3767 684 3847 .'l'beopbr.
704 3767 848 3848 Expedit,
877 3772 936 3831 iam
957 3789 987 3850 p.
1009 3787 1036 3831 a.
1057 3787 1168 3847 amare,
1190 3787 1250 3830 non
1273 3769 1380 3842 (scrib.
1405 3768 1534 3848 qoam)a.
1560 3769 1708 3848 probare‚’
1733 3771 1923 3847 totidemque
1950 3771 2058 3834 verbis

260 3863 315 3924 W.
335 3863 371 3923 B.
392 3865 546 3942 Tbeopbr.
568 3867 629 3926 nisi
652 3869 735 3944 quod
756 3873 814 3929 tom
835 3887 892 3948 pro
913 3877 970 3930 tom
992 3873 1043 3930 est
1063 3869 1289 3947 corrigendum.
1338 3872 1355 3943 Η
1403 3869 1470 3944 XV,
1491 3871 1519 3928 6.
1550 3869 1603 3928 W.
1623 3867 1658 3928 B.
1680 3868 1837 3946 Tbeopbr.
1857 3869 1968 3938 Quanti
1983 3915 1990 3930 .
2005 3915 2013 3932 .
2027 3913 2056 3932 ..

261 3960 364 4023 bomo.
414 3953 431 4026 ΙΙ
480 3962 547 4040 XV,
571 3966 747 4026 10=Par.
767 3969 814 4028 56.
846 3967 899 4028 W.
925 3967 959 4029 B.
984 3968 1139 4045 Tbeopbr.
1178 3966 1210 4026 C.
1230 3983 1256 4027 a.
1278 3971 1426 4027 orationes
1448 4011 1454 4025 .
1476 4013 1483 4026 .
1506 4011 1513 4026 .
1537 4013 1543 4028 .
1565 3969 1698 4046 oportet.
1740 3967 1782 4028 ld.
1804 3967 1888 4028 Socr.
1909 3967 1941 4028 C.
1962 3986 1990 4029 a.
2011 3985 2056 4030 or.

261 4059 291 4120 b.
312 4059 334 4119 l.
355 4077 382 4120 a.
406 4060 514 4122 babere
538 4068 671 4140 oportet.
711 4067 748 4127 V.
774 4065 810 4127 B.
838 4085 884 4146 sp.
912 4068 942 4130 b.
964 4069 992 4142 3,
1014 4069 1064 4128 58:
1094 4065 1180 4128 Sucr.
1201 4065 1233 4126 6.
1255 4085 1282 4126 a.
1303 4066 1334 4125 b.
1357 4081 1401 4124 or.
1429 4081 1455 4124 a.
1477 4065 1496 4124 l.
1519 4081 1567 4143 op.
1588 4065 1714 4126 babere.
1755 4065 1799 4124 ld.
1826 4084 1873 4144 sp.
1897 4066 1926 4127 d.
1951 4068 1980 4145 6,
2003 4071 2056 4130 tt:

261 4155 348 4218 Socr.
369 4155 401 4218 C.
422 4176 449 4219 a.
471 4160 499 4220 b.
520 4165 576 4220 rat.
597 4179 624 4221 a.
646 4163 665 4222 l.
685 4163 802 4225 babere
824 4182 852 4226 o.
902 4171 919 4242 ΙΙ
968 4167 1035 4243 XV,
1058 4169 1105 4227 11.
1133 4165 1187 4226 W.
1210 4165 1244 4224 B.
1267 4165 1419 4242 Tbeopbr.
1452 4165 1497 4225 lta
1513 4209 1519 4224 .
1536 4211 1542 4224 .
1558 4167 1717 4226 ..timeas
1750 4165 1811 4226 ctr.
1833 4165 1865 4226 P.
1887 4165 1956 4244 Syr.
1980 4170 2056 4228 stt:

262 4253 310 4316 ltn
331 4257 425 4318 crede
445 4258 554 4333 amico,
577 4276 614 4320 no
634 4259 720 4333 (Zell
742 4281 772 4322 v.
794 4264 854 4323 381
875 4271 907 4324 ut
925 4264 979 4335 ne)
1000 4265 1042 4324 sit
1062 4265 1186 4324 inimico
1209 4264 1306 4324 locus.
1360 4256 1377 4326 ll
1427 4262 1494 4340 XV,
1516 4267 1563 4324 12.
1605 4264 1657 4324 W.
1678 4263 1712 4323 B.
1735 4264 1887 4342 Tbeopbr.
1921 4265 1959 4326 A.
1980 4267 2008 4326 b.
2030 4285 2055 4328 c.

262 4354 350 4414 cuius
370 4356 498 4416 verbum
512 4374 635 4436 semper
648 4359 746 4422 dulce.
779 4355 796 4434 ΙΙ
828 4361 1097 4437 xv,1a=1³or.
1127 4360 1163 4421 V.
1177 4361 1212 4420 B.
1228 4378 1273 4437 sp.
1289 4361 1316 4420 d.
1331 4362 1358 4434 6,
1376 4363 1427 4420 rt:
1450 4361 1534 4421 Socr.
1550 4361 1583 4420 P.
1596 4378 1622 4420 a.
1635 4362 1667 4422 b.
1681 4361 1701 4420 l.
1725 4363 1917 4422 exordium
1939 4363 2058 4423 inimi·

263 4453 444 4514 citiarum
469 4456 715 4521 maledicere.
757 4458 809 4518 W.
838 4459 872 4518 B.
894 4459 980 4519 Socr.
1020 4459 1057 4518 P.
1079 4475 1107 4518 a.
1129 4475 1156 4518 e.
1177 4460 1205 4518 b.
1227 4459 1247 4518 l.
1268 4459 1348 4518 male
1374 4461 1475 4518 autem
1507 4459 1569 4519 dici
1595 4457 1806 4537 (legdicere)
1833 4460 2059 4522 inimicitiarum

263 4551 431 4611 exordium.
489 4549 507 4628 ΙΙ
557 4552 624 4631 XV,
650 4557 694 4617 rt.
732 4554 786 4614 W.
807 4555 842 4615 Β.
865 4557 1017 4634 Theopbr.
1052 4555 1084 4615 F.
1107 4573 1134 4616 a.
1155 4574 1184 4614 v.
1206 4557 1225 4616 i.
1246 4555 1265 4614 i.
1287 4562 1412 4632 praesto
1434 4557 1497 4616 sis.
1544 4551 1561 4631 ll
1608 4557 1675 4633 XV,
1699 4560 1744 4618 15.
1779 4558 1812 4618 P.
1834 4557 1904 4636 Syr.
1928 4561 1985 4620 169
2007 4559 2058 4620 0r.

263 4645 340 4718 (117
360 4649 460 4721 Zell):
481 4650 587 4711 Bonus
609 4655 728 4714 animus
749 4654 854 4714 laesus
884 4656 1011 4730 gravius
1034 4656 1129 4715 multo
1158 4655 1312 4714 irascitur.
1354 4653 1392 4713 V.
1412 4654 1445 4714 B.
1467 4673 1511 4734 sp.
1534 4654 1562 4716 d.
1584 4659 1612 4732 6,
1636 4659 1706 4716 133;
1735 4673 1774 4717 cx
1800 4657 1977 4735 proverbiis
1998 4657 2058 4718 Sa-

261 4747 405 4823 picatum.
439 4747 474 4808 B.
494 4750 610 4811 animus
631 4752 652 4811 l.
673 4752 788 4812 inultus
808 4771 838 4831 g.
858 4754 877 4813 i.
910 4755 962 4812 W.
983 4753 1018 4812 Β.
1040 4753 1193 4829 l'boupbr.
1219 4751 1253 4811 B.
1275 4753 1390 4812 amicus
1411 4771 1456 4830 gr.
1478 4753 1514 4813 ir.
1565 4755 1582 4828 ΙΙ
1636 4754 1703 4830 XV,
1726 4757 1774 4815 17.
1805 4753 1838 4813 Ρ.
1860 4755 1933 4834 Syr.
1954 4757 1993 4816 33
2008 4754 2058 4816 οι·.

262 4843 319 4916 (33
340 4846 441 4918 Zell):
468 4847 506 4908 A
535 4848 556 4909 l.
583 4867 622 4911 ne
649 4850 668 4910 i.
699 4867 727 4926 q.
756 4851 840 4911 licet.
880 4851 935 4910 W.
957 4852 990 4911 B.
1012 4853 1163 4930 lbeopbr.
1194 4852 1230 4910 A.
1252 4853 1273 4911 l.
1293 4868 1349 4910 nec
1369 4852 1388 4910 i.
1409 4868 1437 4912 o.
1459 4870 1487 4928 q.
1540 4848 1557 4926 ΙΙ
1610 4854 1677 4930 XV,
1701 4855 1748 4915 18.
1789 4855 1844 4915 W.
1864 4853 1899 4913 B.
1920 4854 2058 4932 Tbeopb.

262 4944 300 5006 A.
323 4946 392 5006 exb.
413 4963 451 5006 ea
471 4951 502 5008 te
523 4949 552 5008 d.
574 4973 603 5031 q.
624 4952 647 5009 t.
666 4950 809 5012 exbiberi
829 4951 919 5010 velis.
961 4951 1005 5012 ld.
1026 4953 1160 5012 Aristot:
1190 4951 1413 5026 Interrogatus,
1443 4951 1516 5027 quid
1544 4952 1652 5012 amicis
1678 4953 1791 5013 offerre
1817 4953 1975 5029 debemus,
2002 4954 2058 5013 ait:

263 5043 349 5112 Quae
375 5044 468 5106 uobis
492 5051 634 5124 optamus
663 5047 776 5108 offerri.
819 5046 882 5108 Clr.
904 5049 983 5110 blon.
1005 5050 1033 5124 l,
1055 5053 1103 5111 20.
1157 5047 1174 5122 ΙΙ
1225 5047 1291 5124 XV,
1314 5051 1361 5109 19.
1403 5048 1438 5108 Ρ.
1458 5048 1527 5126 Syr.
1550 5052 1590 5111 28
1612 5050 1664 5112 Or.
1705 5051 1871 5111 Amicitiae
1898 5051 2058 5129 coagulum

262 5143 383 5204 unicum
406 5148 456 5204 est
475 5145 563 5206 tides.
592 5145 721 5206 Ζο1131
745 5148 943 5225 transpositis
965 5149 1089 5209 verbis:
1111 5148 1148 5207 A.
1169 5167 1197 5209 u.
1220 5147 1310 5208 estl.
1334 5165 1360 5208 c.
1394 5147 1447 5208 W.
1468 5147 1501 5208 B.
1524 5148 1675 5226 Tbeopbr.
1705 5149 1808 5210 Amici
1829 5147 1849 5208 f.
1871 5165 1899 5208 c.
1918 5165 1946 5209 e.
1967 5167 1995 5209 a.
2027 5141 2045 5224 ΙΙ

264 5239 320 5303 ot.
341 5259 371 5305 a.
402 5240 471 5302 XV.
490 5246 539 5304 26.
571 5243 627 5303 W.
647 5245 682 5303 Β.
707 5245 860 5323 l'beopbr.
891 5243 953 5308 Pru
976 5291 983 5306 .
1006 5291 1012 5306 .
1034 5291 1041 5306 .
1063 5291 1069 5305 .
1092 5247 1210 5306 vivero.
1255 5241 1272 5322 ll
1318 5246 1401 5323 XVl,
1423 5251 1450 5306 1.
1480 5246 1569 5325 Diog.
1590 5246 1623 5307 L.
1646 5249 1674 5323 6,
1696 5249 1724 5324 2,
1747 5249 1799 5307 32:
1822 5236 2059 5332 Εἰσογαγόπος

263 5327 350 5416 τινός
366 5327 469 5403 αὐτόν
488 5335 535 5415 εἰς
556 5330 643 5404 οἶκον
663 5338 823 5428 πολυτελῆ
842 5338 895 5405 καὶ
916 5331 1094 5420 κωλύοντος
1106 5333 1236 5422 πτύσαι,
1257 5333 1370 5432 ἐπειδή
1389 5340 1589 5434 ἐχρέμψατο,
1609 5339 1656 5420 εἷς
1669 5333 1727 5432 τήν
1741 5335 1822 5434 ὄψιν
1835 5336 1940 5410 odacri
1962 5339 2059 5411 ἔπιο-

264 5453 326 5518 σεν,
345 5426 448 5502 εἰποῖν
468 5435 598 5524 χείρονα
617 5428 721 5504 τόπον
740 5429 785 5527 μή
805 5429 977 5526 εὑρηκέναι
1023 5437 1065 5508 Οἱ
1084 5439 1120 5507 δὲ
1141 5444 1239 5508 τοῦτο
1257 5430 1476 5528 Ἀριστίππου
1499 5437 1610 5531 φασίν.
1647 5441 1691 5504 Gi.
1715 5447 1744 5522 2,
1766 5447 1796 5523 8,
1817 5448 1867 5506 76.
1899 5445 2006 5508 Galen.
2027 5446 2057 5506 in

1796 5569 1817 5628 d
