4982 6280
996 568 1243 640 ...57-

324 771 459 843 iurandi
484 771 625 865 pondus,
653 769 726 841 eius
749 791 882 864 quoquc
908 769 1139 840 iusiurandum
1164 768 1231 840 vile
1258 775 1316 840 est.
1355 766 1490 840 Amicos
1514 765 1763 858 etc.=Diog.
1784 768 1823 836 L.
1842 767 1868 836 I.
1895 769 1932 848 2,
1959 768 2019 838 66.

324 888 372 985 (2)
399 899 481 968 Esse
507 897 693 967 communis
718 893 970 975 etc.=t139,
996 892 1030 964 3.
1070 895 1248 966 Neminem
1276 893 1489 964 etc.=Val.
1506 894 1596 963 Max.
1614 892 1686 961 Vll.
1705 893 1741 972 2,
1760 913 1790 958 e.
1810 892 1845 959 2.
1883 883 1930 980 (3)
1951 891 2021 961 lle-
2053 984 2059 996 ι

322 1043 396 1090 rum
423 1021 516 1090 initia
542 1021 704 1090 debentur
730 1019 892 1101 fortunae,
919 1019 1164 1111 philosophiam
1190 1019 1297 1088 solam
1322 1003 1492 1088 consecrat
1516 1015 1605 1086 linis.
1643 1008 1690 1106 (l)
1716 1014 1809 1088 Nihil
1835 1027 1883 1086 est
1907 1025 2019 1086 autem

322 1146 451 1217 bomini
477 1146 702 1228 metuendum,
729 1145 792 1215 nisi
818 1169 861 1216 ne
885 1145 1133 1240 philosophiam
1159 1143 1234 1214 linis
1260 1141 1425 1214 excludat.

422 1265 619 1364 Responsa*)
645 1270 716 1341 eius
742 1269 785 1340 ad
810 1269 975 1363 quaedam
1001 1269 1150 1362 quaesita
1175 1280 1250 1338 sunt
1274 1265 1376 1336 baec:
1412 1253 1502 1348 Quid
1528 1273 1578 1333 est
1602 1263 1764 1334 verbum?
1798 1264 1910 1354 imago
1937 1287 2019 1356 ope-

323 1415 398 1464 rum
424 1393 670 1486 etc.:.-.Diog.
696 1395 735 1463 L.
762 1394 788 1475 l,
816 1394 851 1474 2,
878 1391 937 1462 58.
989 1385 1036 1482 (5)
1064 1392 1148 1462 Cum
1182 1391 1217 1460 in
1250 1389 1607 1470 locuetc.=ll126,
1635 1388 1670 1458 d.
1721 1381 1770 1478 (6)
1795 1389 2019 1480 Interrogatus

325 1517 516 1612 aquodam
542 1518 653 1600 divite,
680 1540 755 1588 cum
782 1517 852 1609 ipss
876 1539 1006 1610 pauper
1031 1525 1127 1597 esset,
1163 1537 1205 1586 an
1231 1515 1402 1584 thesauros
1428 1511 1576 1595 haberet,
1603 1511 1650 1582 ait
1675 1511 1785 1581 diuiti:
1820 1512 1872 1581 Tu
1898 1522 1930 1581 et
1955 1533 2019 1603 ego

323 1639 495 1711 thesauros
520 1639 694 1740 hahemus,
726 1641 783 1711 sed
811 1640 897 1710 inter
921 1661 1035 1710 meum
1070 1649 1104 1707 et
1129 1650 1221 1709 tuum
1247 1637 1310 1708 hoc
1335 1637 1482 1718 interest,
1514 1621 1673 1729 qnoniam
1699 1628 1834 1729 (quodi)
1867 1635 1909 1705 de
1942 1658 2019 1708 meo

322 1765 435 1835 nullus
460 1786 514 1835 me
539 1765 643 1836 invito
669 1764 849 1858 quicquam
874 1773 981 1857 potest
1006 1763 1212 1853 contingere,
1246 1751 1293 1831 et'
1303 1761 1330 1830 si
1356 1759 1431 1830 aliis
1457 1759 1629 1843 distribuo,
1665 1759 1918 1830 diminutionem
1951 1782 2018 1830 non

321 1887 457 1981 patitur:
491 1899 564 1958 tuus
596 1900 708 1959 antem
734 1888 920 1958 amissionis
954 1886 1074 1958 cotidie
1107 1887 1229 1979 patitur
1263 1884 1441 1955 discrimen
1477 1885 1576 1954 etiam
1602 1893 1633 1952 te
1659 1883 1773 1966 invito,
1808 1893 1841 1952 et
1866 1883 1895 1953 si
1920 1884 2017 1954 alteri

321 2011 375 2082 vel
406 2011 576 2082 modicum
609 2012 737 2094 tribuis,
773 2035 905 2105 semper
934 2013 1103 2083 minuitur.
1154 2005 1203 2103 (7)
1237 2013 1473 2102 Interrogatus,
1507 2009 1615 2100 qualis
1647 2031 1718 2078 esse
1751 2008 1870 2078 debeat
1902 2009 2018 2102 populi

320 2145 440 2216 rector,
467 2136 528 2205 ait:
555 2137 649 2206 Prius
675 2159 722 2217 se,
750 2159 849 2228 quam
867 2136 1038 2230 populum,
1065 2135 1250 2206 rectificare
1276 2135 1389 2216 debet;
1415 2132 1564 2226 alioquin
1582 2132 1655 2216 erit,
1682 2134 1773 2203 velut
1789 2133 1847 2224 qui
1866 2132 2016 2202 umbram

322 2280 456 2328 curvam
481 2259 666 2329 rectificare
692 2271 840 2343 conatur,
867 2261 1062 2355 priusquam
1088 2261 1184 2353 virge
1209 2282 1310 2330 curva
1336 2260 1490 2330 umbram
1515 2259 1639 2328 iaciens
1664 2269 1755 2329 recta
1781 2257 1848 2328 liat.
1886 2251 1933 2348 (8)
1960 2259 2017 2328 ln-

321 2389 516 2474 terrogatus,
545 2382 626 2476 quid
652 2385 780 2454 acutius
807 2384 932 2476 gladio,
960 2385 1020 2454 ait:
1048 2384 1147 2456 Pravi
1166 2385 1311 2455 bominis
1329 2384 1454 2474 lingua.
1493 2375 1540 2471 (9)
1567 2384 1804 2475 Interrogatus,
1831 2383 1906 2474 quis
1931 2390 2017 2450 esset

320 2505 481 2592 liberalis,
508 2507 569 2577 ait:
603 2507 670 2591 Qui
696 2530 754 2578 sua
787 2508 874 2579 bona
904 2509 1047 2580 libenter
1073 2511 1150 2580 aliis
1185 2510 1373 2603 impartitur
1405 2519 1438 2578 et
1471 2509 1656 2579 alienarum
1691 2530 1803 2578 rerum
1837 2505 2017 2598 eupiditate

321 2640 423 2700 earet.
463 2623 536 2721 (10)
560 2632 796 2723 Intemogatus,
824 2633 967 2725 qualiter
993 2635 1107 2706 civitas
1132 2635 1219 2704 bene
1245 2633 1317 2725 regi
1343 2642 1463 2726 posset,
1490 2633 1550 2703 ait:
1579 2632 1614 2703 Si
1635 2631 1790 2725 princeps
1816 2641 1850 2701 et
1874 2631 2017 2702 maiores

320 2752 503 2825 secundum
529 2755 620 2846 leges
646 2755 800 2826 vixerint.
841 2749 912 2846 (ll)
939 2761 1178 2849 Interrogatus,
1205 2782 1272 2853 quo
1298 2757 1371 2828 lieri
1397 2767 1518 2850 posset,
1545 2766 1581 2827 ut
1606 2778 1672 2826 non
1695 2765 1823 2826 tantum
1848 2777 1883 2825 se
1908 2753 2016 2825 ullen-

321 2878 438 2950 decent
462 2879 628 2962 homines,
656 2879 714 2950 ait:
742 2879 777 2949 Si
796 2901 836 2950 co
861 2882 961 2952 modo
986 2905 1054 2953 non
1080 2883 1168 2977 passi
1194 2882 1352 2952 iniuriam
1377 2889 1607 2971 gravarentur,
1634 2888 1672 2950 ut
1694 2879 1795 2972 passi.
1812 2915 1862 2931 -
1879 2877 2016 2971 Scripsit

320 3013 429 3073 autem
457 3003 559 3078 Solon
585 3003 681 3076 utilia
707 3004 811 3074 multa
835 3015 899 3075 etc.

320 3200 466 3272 Caecilio
492 3200 593 3292 igitur
618 3201 818 3272 vindicanda
844 3226 915 3273 esse
941 3203 1094 3284 arbitror,
1121 3226 1208 3296 quac
1235 3204 1333 3298 plene
1360 3203 1520 3295 exscripsi
1550 3202 1674 3284 omnia,
1709 3200 1854 3292 exceptis
1886 3208 2015 3270 tantum

219 3325 385 3417 responsis
411 3324 477 3394 illis
503 3317 619 3416 post§
646 3325 669 3395 l
696 3350 738 3396 ex
755 3326 854 3419 Diog.
878 3330 917 3397 L.
944 3325 971 3395 Ι.
999 3328 1033 3407 2,
1061 3325 1120 3410 58,
1147 3337 1183 3396 ut
1208 3326 1348 3409 videtur,
1375 3325 1563 3418 descriptis:
1590 3347 1668 3396 nam
1693 3322 1939 3417 paragraphum
1969 3321 2009 3390 ll

219 3471 280 3518 cur
305 3447 451 3519 Caecilio
478 3449 719 3533 abiudicemus,
745 3451 840 3521 nulla
865 3473 965 3521 causa
992 3459 1050 3520 est.

320 3595 455 3668 Chilo.
506 3599 743 3690 Interrogatus,
779 3599 813 3668 in
850 3622 917 3690 quo
950 3599 1107 3670 differunt
1143 3609 1205 3669 etc.
1226 3630 1271 3666 =
1292 3601 1389 3691 Diog.
1416 3602 1456 3670 L.
1483 3601 1509 3670 I.
1536 3598 1570 3679 3,
1598 3599 1658 3668 69.
1710 3590 1758 3688 (1)
1789 3599 2014 3688 Interrogatus

220 3728 343 3801 autem,
370 3720 450 3815 quid
469 3731 517 3790 est
534 3723 665 3793 fortuna
682 3735 743 3792 etc.
756 3725 848 3794 :M
869 3723 925 3805 13,
944 3723 978 3792 3.
1013 3725 1163 3795 Docebat
1178 3735 1289 3795 autem
1309 3722 1389 3793 boc:
1416 3723 1591 3794 Dominari
1618 3723 1754 3812 linguae
1772 3731 1834 3790 etc.
1847 3749 1897 3786 =
1912 3718 2013 3810 Diog.

218 3850 258 3920 L.
278 3851 305 3918 l.
324 3846 358 3930 3,
378 3843 437 3916 69.
457 3847 515 3915 70.
551 3840 597 3938 (2)
615 3847 757 3918 Dicebat
782 3847 881 3916 etiam
908 3848 1014 3918 tristia
1041 3859 1158 3918 cuncta
1184 3847 1377 3940 exsuperari
1402 3870 1499 3941 posse
1524 3846 1636 3917 animo
1662 3857 1695 3915 et
1710 3845 1829 3916 amico.
1864 3837 1913 3936 (3)
1930 3844 2012 3914 Item

218 3955 359 4052 dicebat,
385 3970 446 4040 has
473 3969 554 4040 duas
581 3970 783 4050 affectiones,
810 3970 936 4040 scilicet
961 3993 1109 4041 amorem
1130 3981 1162 4040 et
1178 3970 1304 4053 odium,
1330 3971 1409 4042 licet
1433 3970 1651 4040 ferocissimas
1676 3969 1723 4039 sic
1750 3991 1821 4038 esse
1848 3991 2008 4041 coercen-

218 4093 288 4178 das,
315 4105 352 4164 ut
376 4095 499 4165 amicos
526 4094 643 4186 diligat
667 4095 742 4189 quis
767 4103 925 4186 tanquam
960 4096 1043 4165 sorte
1069 4095 1269 4188 quandoque
1295 4094 1371 4165 odio
1396 4094 1579 4175 habiturus,
1615 4105 1646 4163 et
1671 4093 1824 4164 inimicos
1851 4103 2012 4186 tanquam

215 4229 329 4312 postea
361 4230 540 4288 amaturus.
571 4265 610 4276 -
642 4219 717 4289 Fuit
749 4228 860 4288 autem
887 4218 985 4290 Chilo
1018 4219 1233 4312 breviloquus
1265 4230 1327 4288 etc.
1344 4219 1501 4308 :Diog.
1528 4221 1567 4288 L.
1596 4217 1620 4286 l.
1646 4239 1675 4287 c.
1702 4215 1769 4285 73:
1801 4219 2012 4316 Bpaxv'toyo'g

215 4375 251 4420 τε
275 4344 314 4441 ἦν
341 4351 404 4413 eic-

314 4489 422 4560 Bias.
473 4490 582 4560 Huius
608 4489 673 4560 hac
700 4490 851 4559 leruntnr
877 4513 948 4558 esse
973 4493 1169 4575 sententiae,
1195 4503 1231 4562 ut
1256 4491 1301 4561 ait
1326 4493 1477 4562 Laertius
1511 4491 1546 4560 in
1572 4491 1658 4561 libro
1691 4489 1733 4560 dc
1758 4490 1826 4561 vita
1860 4488 2009 4584 pbiloso-

216 4611 373 4706 phorum:
407 4613 585 4683 Honestius
616 4625 648 4684 et
678 4613 813 4683 senibus
840 4623 901 4684 etc.
921 4645 968 4680 =
984 4615 1083 4705 Diog.
1111 4617 1150 4684 L.
1175 4615 1202 4683 l.
1230 4613 1265 4695 5,
1292 4613 1351 4683 85.
1380 4615 1438 4684 86.
1489 4614 1658 4684 Molestius
1685 4623 1735 4684 est
1759 4625 1821 4684 etc.
1842 4643 1890 4678 =
1907 4613 2006 4704 Diog.

215 4739 255 4809 L.
273 4736 297 4807 l.
317 4760 345 4806 c.
366 4738 425 4808 87.
467 4729 548 4826 [Cir.
576 4737 618 4807 ad
643 4739 717 4808 Par.
744 4737 803 4806 23.
845 4737 1057 4828 Quamquam
1082 4737 1141 4810 W.
1168 4739 1207 4808 Β.
1233 4735 1420 4829 Diogenem
1446 4747 1522 4808 ante
1548 4739 1662 4808 oculos
1687 4736 1843 4808 habuisse
1869 4735 2008 4817 videtur,

295 4974 316 5047 S
339 4979 358 5037 3
380 4981 413 5038 et
434 4979 454 5037 l
475 4977 558 5055 apud
578 4978 685 5039 neseio
707 4994 796 5053 quem
819 4977 1004 5055 scriptorem
1024 4975 1132 5052 legere
1152 4975 1283 5034 memini.
1329 4971 1347 5050 Ι(
1391 4969 1427 5044 Ι“)
1448 4971 1511 5034 Cir.
1533 4971 1666 5034 Secundi
1686 4989 1838 5050 responsa
1858 4990 1907 5051 ap.
1920 4973 2008 5035 Vina.

213 5073 249 5136 Β.
270 5093 315 5155 sp.
337 5077 369 5138 h.
390 5079 437 5154 16,
460 5079 500 5136 72
522 5073 648 5152 (Orelli,
671 5093 775 5154 opusc.
798 5076 906 5137 Graec.
932 5077 1009 5138 sent.
1031 5080 1063 5136 et
1088 5091 1162 5135 mor.
1184 5074 1246 5134 vol.
1266 5073 1290 5134 1.
1311 5091 1340 5152 p.
1362 5072 1451 5144 228):
1482 5071 1577 5142 ,Quid
1603 5075 1653 5132 est
1679 5072 1830 5132 verbnmt
1860 5069 2009 5133 Proditor

213 5175 306 5236 animi
328 5175 394 5236 eto!
446 5169 463 5251 ΙΙ
517 5173 606 5245 611.
647 5174 737 5252 DIog.
757 5173 790 5234 L.
811 5174 835 5252 1,
857 5177 885 5252 2,
908 5177 967 5236 59:
982 5161 1174 5258 Ἐρωτηθεὶς
1196 5217 1203 5232 .
1225 5217 1232 5232 .
1255 5217 1263 5235 .
1284 5218 1292 5234 .
1312 5169 1386 5248 πῶς
1405 5190 1441 5235 τε
1461 5163 1576 5258 ἥκιστα
1600 5155 1737 5234 ἀδικοῖεν
1762 5164 1798 5233 oi
1821 5157 2007 5255 ἅνθρωποι,

213 5267 255 5339 Ei
274 5261 413 5353 ὁμοίως,
442 5266 522 5361 ἔφη,
551 5264 707 5353 ἄχθοιντο
733 5275 803 5348 τοῖς
827 5264 1048 5353 ἀδικουμένοις
1068 5266 1102 5336 οἱ
1126 5259 1171 5358 μή
1192 5257 1401 5350 ἀδικούμενοι.
1443 5267 1523 5330 Plut.
1544 5267 1608 5328 Sol.
1636 5269 1672 5328 18
1700 5271 1778 5329 extr.
1804 5267 1890 5330 Stob.
1916 5268 2007 5330 doril.

213 5375 333 5451 4617.
384 5368 401 5449 Ι(
456 5373 569 5435 chito.
612 5371 681 5443 63.
724 5371 786 5433 Glr.
809 5371 862 5432 W.
881 5371 917 5432 B.
938 5371 1053 5443 Biass
1082 5375 1109 5431 1.

1746 5492 1765 5552 8
