4982 6280
336 2333 526 2473 Postquam
553 2401 607 2449 eos
634 2380 808 2472 scriptores
834 2381 1073 2464 recensuimus,
1099 2402 1183 2471 quos
1209 2379 1347 2450 Caecilii
1372 2401 1473 2472 opere
1499 2401 1575 2449 usos
1606 2401 1679 2450 esse
1705 2389 1840 2462 constat,
1877 2379 2024 2452 duabus-
2104 2374 2109 2383 '

232 2527 297 2599 que
322 2504 489 2598 prioribus
514 2504 620 2574 libelli
638 2504 739 2574 nostri
761 2504 913 2596 partibus
936 2504 1144 2597 collegimus,
1171 2503 1332 2596 quidquid
1351 2528 1394 2574 ex
1411 2503 1549 2575 Caecilii
1567 2527 1667 2598 opere
1686 2504 1822 2576 lluxisse
1839 2503 2022 2590 videbatui,

233 2631 328 2702 tertia
353 2631 589 2702 dissertationis
615 2630 761 2724 partein
780 2652 835 2699 eos
861 2652 995 2723 quoque
1021 2631 1192 2725 inquirere
1216 2651 1276 2722 par
1299 2627 1506 2720 estquibus
1532 2628 1602 2722 ipse
1619 2629 1783 2700 Caecilius
1808 2637 1921 2700 noster
1945 2653 2023 2702 usus

232 2778 304 2826 esse
329 2754 475 2826 videtur:
511 2755 611 2849 idque
638 2777 678 2825 eo
704 2754 809 2846 magis
838 2753 1062 2824 necessarium
1088 2775 1161 2823 esse
1186 2751 1339 2834 arbitror,
1372 2752 1460 2846 quod
1486 2776 1529 2823 ex
1560 2754 1624 2824 bac
1649 2753 1841 2848 quaestione
1868 2753 1903 2824 in
1930 2754 2024 2826 illam

231 2905 376 2976 quoque,
412 2881 647 2952 difficillimam
677 2903 769 2963 sane,
804 2903 890 2971 quae
922 2890 971 2949 cst
996 2878 1037 2949 de
1071 2888 1179 2950 aetate
1206 2877 1345 2949 Caecilii
1370 2877 1478 2962 Ralbi,
1511 2877 1636 2970 aliquid
1671 2878 1755 2948 lucis
1786 2877 1896 2949 afferri
1927 2901 2023 2972 posse

231 3027 339 3098 spero,
374 3004 624 3097 studiorumque
657 3002 937 3098 philologicorum
963 3003 998 3073 in
1024 3003 1216 3074 universum
1244 3024 1398 3072 canuno
1432 3014 1481 3072 est
1505 3003 1601 3086 ratio,
1635 3013 1672 3073 ut
1696 3002 1737 3072 de
1762 3003 2024 3097 uniuscuiusque

231 3129 398 3222 scriptoris
431 3127 575 3198 lontibus
610 3128 686 3197 data
719 3151 822 3220 opera
856 3138 1046 3220 quaeratur.
1097 3127 1213 3218 ltaque
1248 3126 1289 3196 de
1324 3125 1467 3198 lontibus
1500 3126 1638 3198 Caecilii
1671 3126 1875 3222 disputatura
1909 3137 1942 3198 et
1967 3151 2024 3199 eos

230 3253 406 3346 scriptores
438 3274 633 3323 enumerare
664 3251 774 3334 liceat,
791 3251 928 3344 ,quibus
954 3251 1120 3323 Caecilius
1154 3251 1272 3346 procul
1297 3251 1398 3323 dubio
1423 3275 1502 3324 usus
1528 3263 1586 3335 est,
1620 3265 1653 3324 et
1677 3255 1765 3337 illos,
1800 3256 2023 3348 quibuscum

230 3398 328 3448 usum
358 3377 457 3446 luisse
492 3376 659 3447 coniicias.
711 3377 754 3446 Et
785 3398 860 3446 cum
895 3375 1004 3448 adbuc
1036 3374 1119 3447 nibil
1150 3377 1220 3446 lere
1254 3377 1319 3448 uisi
1350 3377 1452 3470 ipsius
1478 3378 1616 3449 Caecilii
1648 3377 1749 3450 verba
1778 3380 2023 3450 commentariis

230 3500 390 3572 illustrata
417 3500 679 3582 exhibuerimus,
706 3500 747 3570 de
772 3509 896 3580 nostro,
923 3500 986 3570 nisi
1012 3523 1098 3592 qnae
1120 3500 1236 3594 utique
1254 3510 1362 3570 essent
1379 3502 1574 3585 necessaria,
1601 3501 1839 3583 addiderimus,
1858 3503 1923 3572 iam
1941 3501 2022 3596 quid

231 3649 294 3719 ego
321 3626 361 3697 de
388 3627 540 3697 codicum
567 3627 770 3708 auctoritate,
796 3627 876 3721 qnid
903 3626 944 3697 de
970 3625 1150 3697 Caeciliani
1176 3625 1254 3696 libri
1280 3626 1498 3719 descriptione
1524 3648 1564 3694 ac
1589 3624 1695 3696 forma
1720 3639 1858 3697 externa
1883 3627 2024 3698 sentiam

231 3749 379 3844 quidque
404 3749 445 3820 de
472 3751 542 3822 eius
568 3751 642 3820 latis
669 3761 874 3843 compertum
900 3749 1054 3833 babeam,
1081 3750 1194 3843 paucis
1220 3772 1387 3844 exponere
1415 3751 1603 3842 aggrediar.
1640 3750 1794 3846 Denique
1820 3751 1861 3821 dc
1879 3749 2022 3824 dictione

231 3884 264 3943 et
288 3885 392 3944 aetate
419 3873 557 3945 Caecilii
583 3873 750 3968 disputare
775 3875 969 3967 iudicesque
995 3874 1268 3967 locupletissimos
1294 3874 1439 3945 adiicere
1465 3874 1500 3943 in
1527 3875 1639 3944 animo
1661 3884 1721 3956 est,
1746 3898 1813 3968 quo
1837 3898 1892 3946 me
1918 3876 2022 3946 lecto-

233 4020 307 4069 rum
334 3997 506 4069 desidcriis
532 3998 696 4068 siminus
722 3997 930 4079 satisfecisse,
957 4008 1104 4068 atcerte
1130 3997 1317 4068 satisfacere
1342 3999 1486 4069 voluisse
1513 3997 1654 4090 intelligi
1678 3999 1789 4091 possit.

997 4245 1243 4258 *nu—-

288 4433 341 4516 lt).
391 4434 447 4516 DE
472 4432 676 4519 FllNTlBUS
701 4361 874 4516 ursulus
900 4433 1030 4517 Bllbbl.
1083 4432 1282 4528 [lusurus
1307 4431 1451 4518 stitus.
1500 4433 1704 4516 bibendus
1730 4435 1962 4534 blEleUC]

327 4617 423 4689 blnlti
454 4617 522 4688 iam
553 4630 629 4689 ante
655 4618 836 4690 Caecilium
873 4619 907 4688 in
941 4618 1059 4690 eodem
1090 4618 1273 4688 litterarum
1307 4639 1440 4709 genere,
1476 4640 1543 4688 nou
1578 4618 1750 4690 inhonesto
1785 4619 1931 4712 quidem,
1963 4619 2021 4692 ssd

229 4743 404 4834 paululum
429 4743 565 4824 leviore,
600 4743 856 4814 elaboraverunt
881 4744 1068 4836 scriptores,
1101 4741 1143 4812 ad
1176 4741 1266 4836 quod
1289 4744 1408 4814 Noster
1438 4764 1510 4812 sese
1543 4743 1693 4830 contulit
1743 4745 1849 4814 Testis
1883 4743 1926 4813 sit
1950 4745 2020 4816 Cic.

231 4866 271 4939 de
289 4867 377 4938 ollio.
395 4868 421 4937 l.
439 4868 498 4949 29,
520 4867 602 4949 llll,
621 4867 678 4938 ubi
705 4866 789 4938 baec
814 4868 961 4938 disserit:
993 4851 1148 4961 »Duplex
1173 4867 1310 4936 omnino
1335 4876 1384 4936 cst
1409 4864 1539 4936 iocandi
1566 4888 1686 4959 genus:
1712 4889 1816 4938 unum
1842 4867 2019 4952 illiberale,

230 4992 393 5086 petulans,
419 4991 631 5083 flagitiosum,
666 4991 885 5074 obscoenum3
918 4992 1059 5062 alterum
1090 4991 1238 5083 elegans,
1271 4989 1448 5074 urbanum,
1484 4991 1703 5082 ingeniosum,
1738 4991 1891 5062 lacerum.
1943 4991 2020 5076 Quo

230 5136 353 5205 genere
378 5137 446 5185 non
471 5116 570 5186 modo
596 5116 729 5187 Plautus
755 5126 866 5186 noster
892 5124 925 5186 et
951 5115 1135 5188 Atticorum
1162 5113 1299 5207 antiqua
1324 5114 1509 5198 comoedia,
1537 5115 1595 5186 sed
1621 5115 1720 5186 etiem
1745 5115 2021 5210 pbilosophorum

231 5239 471 5312 Socraticorum
498 5239 576 5310 libri
600 5239 714 5310 relerti
739 5249 831 5322 snnt;
858 5241 1030 5335 multaque
1057 5240 1238 5312 multorum
1264 5240 1370 5312 tacete
1397 5241 1494 5324 dicte,
1520 5252 1558 5312 ut
1583 5261 1633 5324 en,
1659 5263 1746 5334 quae
1763 5264 1783 5311 a
1800 5264 1879 5314 sene
1896 5242 2020 5314 Catone

231 5363 368 5436 collecta
393 5377 485 5450 suut,
518 5389 604 5458 quae
631 5376 748 5437 vocant
774 5365 1058 5466 ἀποφθέγματα)
1111 5364 1179 5436 Clr.
1206 5362 1248 5434 de
1274 5375 1355 5434 orat.
1382 5365 1422 5435 ll.
1448 5365 1508 5449 67,
1534 5365 1619 5435 27¹.
1670 5364 1763 5436 ldem
1788 5365 1830 5436 ad
1856 5365 1934 5436 lum.
1960 5365 2017 5438 lx.
