4982 6280
1034 557 1277 630 ..se-

261 757 416 852 quamvis
440 757 638 851 praecipuos
663 756 715 838 sit,
741 755 918 827 imitandus
943 755 978 827 in
1005 755 1171 836 omuibus,
1198 756 1278 850 quia
1303 779 1486 853 numquam
1511 781 1572 852 par
1597 759 1634 829 lit
1658 759 1798 832 auctori.
1850 754 1921 852 (85)
1947 763 2053 836 Idas:

259 881 352 956 Nihil
378 883 468 954 enim
495 893 562 953 tam
587 881 796 952 mortiferum
821 880 966 974 ingeniis
991 903 1092 975 quam
1118 881 1252 953 luxuria
1280 891 1339 952 est.
1625 871 1628 876 “

259 1116 423 1185 Dascusa.
441 1109 549 1182 Coun.
567 1108 730 1179 Panum:
758 1112 779 1176 2
798 1107 990 1198 Sequuntur
1006 1115 1079 1198 post
1094 1105 1229 1176 lorado
1253 1122 1297 1179 est
1313 1105 1348 1178 iu
1365 1107 1391 1178 C
1408 1121 1584 1204 praecepta
1601 1111 1818 1206 Pythagorae,
1845 1135 1932 1208 quae
1952 1115 2051 1188 etiam

589 1231 624 1302 in
649 1233 680 1304 A
704 1230 879 1323 legeorum
905 1229 940 1300 in
966 1230 993 1299 B
1019 1252 1154 1300 carmen
1179 1230 1222 1300 de
1247 1231 1313 1302 vita
1337 1243 1428 1303 recte
1453 1233 1666 1306 instituenda.
1703 1231 1721 1316 ΙΙ

359 1511 450 1581 luter
475 1507 607 1578 codices
632 1506 800 1580 Parisinus
827 1527 916 1586 eum,
950 1526 1051 1598 quem
1085 1505 1195 1577 littera
1219 1507 1249 1578 Α
1274 1504 1401 1588 notavi,
1434 1515 1561 1577 ceteros
1592 1515 1629 1579 ut
1652 1517 1812 1580 vetustate
1837 1509 1882 1581 ita
1907 1510 2052 1584 bonitate

259 1634 362 1726 louge
386 1631 588 1704 antecellere
614 1629 718 1701 cuivis
743 1628 842 1699 facile
859 1627 1031 1699 intellectu
1056 1628 1130 1711 erit,
1157 1627 1215 1720 qui
1232 1628 1489 1723 discrepantiam
1514 1631 1676 1702 librorum
1696 1633 1808 1705 media
1829 1635 1954 1730 pagiua
1971 1659 2053 1707 enu-

259 1767 364 1830 tatam
386 1755 444 1826 vel
469 1755 592 1826 cursim
607 1753 786 1824 transierit.
823 1755 1025 1825 vetustatem
1051 1751 1174 1823 codicis
1191 1753 1280 1846 quod
1298 1753 1426 1837 attinet,
1452 1778 1528 1826 cum
1553 1778 1630 1826 rara
1646 1757 1829 1850 scripturae
1855 1761 2053 1853 compendia

260 1893 332 1954 tum
357 1881 426 1952 elia
449 1879 574 1951 iudicia
599 1901 676 1948 eum
702 1877 814 1949 seculo
848 1874 980 1947 decimo
1005 1885 1146 1948 exeunte
1171 1878 1225 1947 rel
1259 1877 1368 1971 potius
1401 1877 1578 1949 undecimo
1603 1880 1738 1952 ineunte
1772 1884 1932 1977 scriptum
1959 1884 2052 1956 iudi·

261 2007 405 2079 caudom
438 2027 510 2075 esse
543 2003 731 2074 testimonio
763 2010 852 2071 sunt=
886 2001 945 2093 qui
970 2000 1093 2092 reliqui
1118 2010 1195 2070 suut
1219 2000 1362 2084 codices,
1397 2001 1424 2070 B
1451 2011 1483 2072 et
1508 2003 1534 2074 C
1559 1993 1673 2098 paucis
1702 2014 1831 2077 tautum
1857 2006 1940 2078 locis
1965 2008 2053 2080 inte·

260 2131 405 2224 griorem
431 2127 545 2200 codice
570 2129 601 2198 Α
626 2128 825 2221 scripturam
850 2136 1079 2206 servaveruut3
1115 2117 1244 2212 (couler
1278 2149 1331 2224 ex.
1364 2147 1416 2218 gr.
1443 2117 1469 2220 δ
1496 2128 1518 2198 6
1553 2129 1686 2221 accipies
1711 2143 1739 2199 et
1762 2132 1840 2223 rapi
1863 2153 1925 2226 pro
1950 2133 2054 2226 accipi

260 2269 304 2326 aet
327 2257 414 2348 rapi,
441 2247 467 2345 ὃ
493 2253 747 2324 atanarico
771 2275 841 2321 orm
863 2251 972 2333 molis
998 2241 1024 2339 δ
1051 2249 1099 2320 32
1123 2249 1322 2342 infigendum
1347 2245 1424 2341 etc.)
1457 2273 1601 2342 quornm
1633 2274 1696 2345 ego
1722 2254 1850 2324 variam
1875 2254 2052 2326 lectionem

260 2379 450 2451 adscribere
475 2379 612 2449 fortasse
639 2375 909 2470 supersedissem,
943 2373 1008 2444 nisi
1034 2384 1066 2443 et
1092 2397 1220 2446 memor
1245 2373 1393 2458 fuissem,
1431 2385 1554 2468 quauta
1586 2376 1665 2447 olim
1691 2377 1795 2447 animi
1820 2379 1986 2472 voluptate
2021 2392 2053 2452 et

260 2504 386 2576 laetitia
416 2503 552 2574 allectus
585 2501 719 2584 luerim,
755 2523 832 2571 cnm
865 2499 1004 2570 sectanti
1038 2498 1121 2569 mibi
1147 2498 1286 2569 Caecilii
1316 2498 1505 2591 fragmenta
1536 2522 1592 2570 eos
1625 2501 1772 2572 latibulis
1798 2503 1943 2575 excitare
1969 2527 2052 2576 cou-

260 2628 402 2720 tiugeret
427 2627 609 2722 iidemque,
636 2625 756 2718 passim
783 2624 919 2720 quidem
945 2623 1105 2718 corrupti,
1132 2589 1490 2696 senteutiam⁶17soli
1517 2623 1725 2708 exhiberent,
1761 2635 1793 2696 et
1817 2627 1852 2697 iu
1878 2627 1944 2698 line
1971 2627 2053 2699 duas

261 2754 407 2823 Senecae
432 2750 611 2820 sententias
637 2748 889 2839 subiungereut,
915 2769 998 2840 quas
1026 2747 1087 2817 etsi
1110 2745 1251 2828 dubites,
1278 2747 1387 2817 sintne
1414 2772 1457 2819 ex
1481 2748 1620 2820 Caecilii
1645 2773 1748 2842 opere
1774 2762 1961 2846 excerptae,
1987 2752 2055 2823 ali·

160 2972 165 2983 !
261 2875 377 2970 quanti
401 2873 568 2944 aestimari
593 2895 653 2966 par
678 2885 738 2956 est,
765 2871 872 2942 donec
892 2894 935 2942 ex
959 2893 1106 2963 quonam
1131 2869 1197 2941 alio
1214 2867 1373 2963 scriptore
1399 2871 1521 2964 petitae
1546 2873 1663 2944 sintin
1681 2874 1827 2947 medium
1853 2876 2051 2968 proteratur.

260 3001 305 3072 Et
328 2998 478 3094 quamvis
503 2998 563 3070 ltus
590 2997 672 3069 duos
698 2997 828 3068 codices
853 2997 971 3068 iisdem
997 2995 1067 3066 lere
1094 2996 1288 3090 corruptelis
1314 2997 1466 3068 laborare
1495 3020 1560 3068 nec
1584 3000 1726 3070 multum
1752 3001 1839 3072 inter
1864 3024 1898 3071 se
1925 3001 2052 3072 dissen-
2160 3088 2162 3096 Ι

260 3127 324 3198 tire
350 3137 501 3220 apertum
527 3124 578 3206 sit,
610 3145 678 3193 nou
706 3145 748 3193 ex
774 3121 845 3214 ipso
878 3133 989 3191 tamen
1015 3120 1129 3192 codice
1154 3123 1185 3192 A
1210 3121 1390 3214 descriptos
1416 3131 1487 3194 ce‘se
1513 3125 1567 3195 vel
1592 3148 1635 3195 ex
1660 3125 1700 3196 iis
1725 3127 1932 3219 intelligitur,
1965 3149 2053 3220 quae

260 3251 361 3321 modo
385 3251 427 3322 de
453 3271 569 3319 corum
595 3247 815 3339 discrepantia
841 3244 968 3316 monui.

359 3374 487 3445 Deinde
519 3373 710 3453 videndum,
744 3394 812 3465 quo
844 3370 963 3440 ordine
996 3371 1148 3462 singulae
1173 3393 1245 3440 sese
1279 3369 1463 3441 sententiae
1495 3371 1674 3465 excipiant.
1726 3373 1925 3444 Coniunctus
1950 3373 2053 3467 igitur

261 3521 343 3580 esse,
370 3508 531 3591 quotquot
556 3497 596 3568 ad
624 3497 767 3568 cundem
793 3508 962 3567 auctorem
988 3495 1176 3574 referantur
1201 3495 1385 3564 sententiae
1412 3494 1628 3588 codicnmqae
1653 3495 1708 3567 BC
1730 3496 1983 3590 discrepantiam
2009 3496 2052 3568 ad

260 3615 287 3714 δ
311 3622 456 3692 11-13
482 3632 646 3692 enotatam
672 3620 857 3692 auctoritati
884 3617 1007 3689 codicis
1024 3619 1054 3690 Α
1071 3618 1190 3688 cedere
1217 3616 1339 3688 debere
1366 3628 1460 3688 extra
1484 3641 1618 3689 omnem
1645 3619 1882 3691 dubitationem
1908 3622 2052 3713 positum

261 3758 324 3828 est;
358 3747 504 3840 itemque
530 3745 573 3816 ad
598 3737 623 3836 §
650 3744 710 3828 35,
736 3743 783 3816 38
810 3768 901 3838 seqq.
929 3742 1109 3838 repetenda
1144 3765 1215 3812 esse
1249 3742 1351 3813 verba
1376 3743 1521 3814 Socrates
1554 3744 1640 3814 dixit
1674 3746 1854 3815 sententiae
1880 3745 1927 3815 3l
1952 3769 2052 3840 prae·

260 3873 360 3944 missa
385 3895 461 3943 cum
486 3893 618 3965 perse,
644 3881 714 3941 tum
740 3870 869 3941 collatis
894 3872 934 3942 V.
959 3873 997 3942 Β.
1023 3893 1072 3962 sp.
1099 3868 1134 3939 b.
1162 3867 1195 3952 3,
1225 3845 1352 3956 58’(ἀε
1378 3866 1473 3938 dictis
1498 3868 1640 3939 Socratis
1667 3865 1857 3959 moralibus)
1884 3881 1917 3941 et
1934 3874 1992 3946 W.
2011 3873 2050 3943 B.

260 4020 287 4066 s.
313 4021 344 4066 v.
372 3999 464 4067 Socr.
491 4005 640 4090 apparet.
691 3996 782 4065 ldem
814 4018 858 4066 ne
891 3996 925 4065 iu
961 3995 1032 4065 cod.
1063 3997 1154 4068 blou.
1189 3994 1286 4065 nobis
1325 4013 1495 4063 sumamus
1530 4017 1741 4089 summopere
1773 3996 1956 4068 cavendnm
1991 4009 2050 4068 cst.

259 4123 346 4192 Nam
372 4144 448 4190 cum
474 4121 540 4190 alia
566 4117 703 4214 quidem
734 4117 811 4201 sint,
842 4119 902 4190 ubi
936 4119 1085 4190 eiusdem
1119 4119 1309 4215 pbilosopbi
1340 4141 1413 4189 sese
1445 4119 1614 4213 excipiant
1647 4119 1830 4190 sententiae
1861 4143 2052 4214 nomenque

260 4245 388 4339 primae
415 4255 540 4315 tantum
565 4242 607 4313 sit
632 4241 829 4336 praefixum,
855 4244 958 4314 veluti
983 4246 1009 4326 l,
1028 4245 1162 4328 2-18,
1188 4267 1275 4337 quae
1301 4247 1484 4316 sententiae
1509 4244 1690 4337 pleraeque
1714 4243 1867 4316 videntur
1893 4267 1964 4316 esee
1990 4245 2053 4316 So-

260 4371 359 4442 cratis
383 4361 410 4461 §
435 4372 459 4440 2
485 4379 518 4442 et
546 4369 591 4440 13
617 4369 755 4452 laudati,
781 4379 866 4440 seut.
892 4380 1002 4439 tamen
1028 4370 1176 4442 20-30
1202 4395 1269 4442 nou
1288 4362 1503 4461 lleracliti§
1532 4367 1576 4439 19
1604 4368 1704 4450 citati,
1731 4369 1790 4440 sed
1815 4369 1937 4440 iterurn
1962 4367 2053 4440 eius-

261 4494 336 4565 dem
363 4493 505 4566 Socratis
530 4515 602 4564 esse
628 4495 669 4566 V.
695 4495 735 4564 B.
761 4493 820 4568 W.
847 4494 885 4563 B.
913 4492 1058 4586 denique
1085 4493 1215 4564 codices
1239 4493 1380 4564 Parisiui
1408 4492 1574 4564 evincunt.

358 4621 482 4704 Restat,
508 4630 544 4691 ut
567 4620 729 4691 anecdota
753 4619 901 4690 Parisino
928 4643 970 4690 ex
996 4619 1143 4692 Caecilio
1167 4619 1272 4690 Balbo
1299 4629 1454 4712 excerpta
1481 4639 1552 4688 esse
1578 4617 1813 4688 demonstrem.
1860 4615 1957 4701 Quod
1983 4637 2051 4710 quo

261 4744 382 4816 clarius
407 4742 635 4840 perspiciatur,
662 4767 719 4814 eos
736 4743 838 4826 locos,
864 4741 922 4835 qui
948 4743 983 4814 iu
1008 4753 1149 4835 utraque
1174 4743 1330 4834 legantur
1355 4737 1510 4835 epitonia,
1535 4740 1727 4814 blonaceusi
1751 4751 1784 4811 et
1799 4739 1961 4823 Parisiua,
1989 4739 2051 4812 snb

260 4890 329 4940 uno
352 4867 509 4961 adspectu
534 4867 704 4960 ponendos
729 4867 822 4938 duxi.
