4982 6280
1010 613 1257 684 -69...

239 815 306 886 nisi
322 815 477 906 grauiora
493 836 554 884 nos
571 824 769 906 argumenta
795 812 988 896 monebunt,
1015 822 1052 882 ut
1068 811 1120 884 illi
1136 811 1323 882 testimonio
1342 811 1440 884 tidem
1458 813 1668 906 derogemus.
1704 813 1787 885 vite
1804 813 1918 897 etiam,
1944 834 2031 906 quae

239 937 396 1010 adnotavi
421 938 462 1009 ad
489 939 548 1011 W.
575 938 666 1008 Rurl.
694 937 809 1010 Gleub.
836 929 862 1028 §
888 939 923 1021 2,
950 958 1049 1030 supra
1075 957 1153 1030 pag.
1181 935 1240 1008 58.

337 1081 429 1151 Unus
455 1088 582 1148 tantum
608 1087 758 1170 superest
783 1079 868 1148 inter
893 1086 1044 1149 auctores
1069 1076 1218 1158 Latinus,
1245 1076 1287 1147 de
1314 1099 1381 1168 quo
1406 1073 1556 1170 pluribus
1582 1075 1762 1190 dicendum
1787 1085 1847 1160 est,
1871 1079 2031 1150 Publius

240 1203 369 1300 Syrus.

336 1343 489 1435 Triginta
514 1351 638 1434 septem
665 1350 740 1411 sunt
765 1339 1111 1411 sententiae'Caecilii
1126 1338 1235 1421 Balbi,
1262 1364 1344 1433 quas
1369 1340 1487 1412 iisdem
1513 1341 1583 1412 lure
1608 1343 1718 1414 verbis
1745 1344 1831 1414 inter
1854 1345 2032 1414 Publianas

241 1491 373 1562 quoque
410 1467 589 1536 sententias
624 1466 693 1557 legi
731 1465 766 1534 in
805 1463 1073 1535 adnotationibus
1108 1463 1268 1543 iudicavi;
1303 1465 1486 1536 nonnullae
1521 1467 1633 1552 etiam,
1667 1491 1753 1561 quae
1786 1468 1865 1563 ipsis
1899 1467 2034 1559 quidem

239 1591 350 1666 verbis
375 1614 443 1661 non
469 1600 667 1682 congruant,
694 1589 752 1658 sed
777 1599 887 1658 tamen
914 1587 1039 1658 similes
1065 1588 1130 1657 siut
1154 1590 1208 1658 vel
1233 1587 1317 1658 adeu
1342 1589 1535 1660 simillimae
1559 1592 1743 1662 Publianis.
1794 1591 1911 1663 Liceat
1934 1592 2035 1684 igitur

241 1717 380 1787 collecta
406 1715 460 1786 bic
486 1715 547 1786 sub
574 1739 641 1785 unu
667 1713 824 1808 adspectu
848 1735 986 1806 ponere,
1021 1735 1108 1807 quae
1135 1713 1169 1782 in
1202 1713 1470 1785 adnotationibus
1502 1716 1642 1810 sparsim
1672 1717 1786 1787 monui
1812 1726 1844 1786 et
1875 1717 2035 1786 nonnulla

241 1841 339 1912 simul
365 1831 499 1921 addere,
534 1863 619 1932 quae
646 1841 680 1907 in
705 1838 864 1909 schedula
889 1862 910 1909 a
935 1861 989 1908 mc
1015 1848 1126 1908 notata
1152 1847 1184 1908 et
1217 1839 1404 1932 typothetae
1439 1840 1570 1924 tradita,
1604 1852 1640 1912 61
1671 1843 1918 1913 commentariis
1951 1841 2035 1912 meis

240 1967 478 2044 insererentur,
505 1987 584 2033 casu
610 1963 755 2056 quodam
781 1962 918 2032 adverso
944 1962 1094 2054 neglecta
1119 1973 1205 2033 sunt.

266 2117 396 2188 Monac.
489 2116 520 2196 1,
547 2115 582 2183 2.
693 2113 787 2198 1,1.
898 2113 930 2196 1,
957 2113 991 2183 8.
1104 2113 1136 2194 1,
1164 2114 1199 2183 9.
1312 2113 1431 2195 1,13.
1541 2114 1661 2196 1,15.
1865 2115 1985 2197 1,16.

267 2244 303 2311 P.
332 2243 365 2311 S.
393 2241 451 2311 Or.
487 2240 572 2310 665.
688 2239 773 2309 293.
898 2239 980 2309 189.
1102 2239 1185 2309 178.
1307 2238 1393 2308 163.
1543 2238 1624 2309 188.
1665 2229 1762 2328 (195)
1866 2238 2035 2310 15100.

268 2369 303 2436 Ρ.
323 2366 357 2435 8.
376 2365 458 2434 Ζ611.
485 2363 570 2434 765.
686 2361 771 2434 328.
892 2364 977 2432 217.
1104 2359 1189 2430 513.
1311 2361 1396 2431 521.
1543 2357 1627 2432 215.
1669 2352 1765 2451 (223)
1868 2361 2036 2432 19119.

268 2515 398 2584 016666.
489 2512 601 2591 1,17.
757 2511 867 2592 1,20.
894 2505 980 2600 (Par.
1000 2506 1061 2601 72)
1139 2512 1172 2594 1,
1190 2511 1250 2581 29.
1355 2513 1386 2594 1,
1407 2510 1465 2581 31.
1567 2511 1656 2592 5,1.
1757 2514 1793 2594 7,
1813 2509 1847 2580 3.
1948 2509 2038 2596 7,1.

268 2642 304 2709 P.
332 2639 365 2708 S.
393 2637 451 2707 Or.
492 2636 573 2707 161.
755 2634 838 2706 508.
1138 2636 1172 2704 2.
1354 2635 1439 2706 698.
1569 2635 1654 2706 201.
1761 2635 1845 2706 310.
1954 2635 2038 2706 659.

229 2765 304 2834 Ῥ.
323 2764 356 2831 8.
376 2762 459 2832 Zell.
487 2783 542 2853 pg.
562 2755 702 2842 36,11.
753 2757 838 2829 585.
1136 2761 1171 2828 2.
1351 2759 1435 2831 809.
1565 2760 1651 2831 231.
1763 2759 1846 2831 380.
1954 2757 2038 2829 798.

268 2905 1008 2992 mosutw.ms
1192 2905 1303 2988 sm
1406 2899 2039 2998 mm·mm1mn

269 3031 550 3104 numm
684 3023 1503 3124 mnamffltw.pm
1662 3031 1745 3103 mu
1901 3030 1960 3102 m

270 3162 305 3230 P.
324 3160 357 3228 S.
375 3157 457 3228 Zell.
489 3158 549 3228 61.
683 3157 767 3227 688.
894 3155 978 3226 208.
1005 3148 1104 3245 (383)
1134 3159 1160 3175 “’
1192 3155 1276 3227 976.
1404 3151 1501 3247 (381)
1661 3157 1744 3226 117.
1901 3155 1961 3228 33.

269 3312 399 3381 1116666.
492 3309 627 3390 15,19.
731 3308 788 3390 17,
815 3310 850 3376 2.
953 3308 1010 3389 17,
1031 3305 1065 3377 3.
1169 3307 1226 3378 18.
1351 3307 1465 3390 22,1.
1566 3307 1681 3390 tut.
1708 3298 1795 3394 (Par.
1814 3300 1850 3398 1)
1925 3306 1986 3389 18,
2005 3307 2040 3376 7.

269 3435 306 3502 Ρ.
334 3433 368 3502 S.
394 3432 454 3503 Or.
489 3433 551 3502 28.
725 3430 809 3501 811.
953 3431 1012 3501 16.
1164 3431 1248 3502 535.
1349 3431 1434 3502 775.
1569 3431 1652 3503 860.
1922 3430 2006 3500 562.

270 3557 306 3626 Ρ.
324 3557 358 3626 S.
377 3556 459 3626 Zell.
487 3555 547 3626 31.
722 3556 806 3624 992.
950 3557 1010 3624 17.
1161 3556 1247 3626 616.
1348 3557 1432 3627 922.
1571 3557 1678 3626 1010.
1922 3552 2007 3624 613.

270 3702 614 3785 um.ms
813 3701 960 3785 amu

271 3818 899 3916 rsmmfflorm

272 3944 896 4040 rmummptm

157 4129 345 4222 ,an
491 4124 525 4194 a
679 4124 739 4195 m
865 4126 924 4196 m
1051 4125 1110 4194 m
1351 4123 1596 4196 ausu
1836 4126 1894 4195 6

271 4249 1135 4321 nwmmsmsmum
1352 4247 1436 4319 m
1538 4250 1623 4320 m.
1838 4250 1920 4321 mu

272 4373 573 4445 rmum
675 4372 759 4443 m
860 4365 2038 4466 m.ffimmumsmffl)ffims

272 4527 348 4596 Par.
496 4524 555 4594 69.
682 4525 741 4592 72.
868 4523 927 4592 81.

273 4651 309 4718 Ρ.
337 4650 370 4718 8.
398 4648 457 4718 Or.
499 4648 580 4717 176.
682 4647 765 4718 508.
867 4646 952 4716 251.

273 4777 309 4844 Ρ.
330 4776 363 4844 8.
382 4775 464 4846 Zell.
499 4775 580 4844 192.
682 4773 766 4844 585.
867 4775 952 4844 277.

347 4924 464 5015 ltaque
488 4921 696 4992 statuendum
724 4929 779 4991 aut
804 4921 989 4993 Caecilium
1015 4923 1124 4994 Publii
1150 4924 1268 4994 mimus
1294 4923 1502 5015 compilasse,
1527 4932 1584 4992 aut
1609 4921 1645 4990 in
1665 4923 1873 4993 Caecilianus
1898 4921 2041 5002 codices,

251 5069 326 5117 cum
351 5047 517 5116 Parisinus
543 5058 612 5117 tum
630 5047 863 5116 lllunaeensem
889 5048 993 5118 multa
1011 5047 1186 5130 Publiana,
1212 5049 1347 5119 tortasse
1374 5047 1474 5116 etiam
1500 5047 1678 5116 sententias
1704 5070 1747 5116 er
1772 5047 1846 5117 aliis
1871 5045 2043 5139 seripturi-

249 5171 310 5241 bus
334 5171 453 5263 petitas
479 5169 686 5260 migravisse.
738 5168 890 5251 Quorum
923 5182 997 5242 utro
1029 5171 1137 5262 magis
1163 5171 1197 5240 in
1222 5169 1389 5262 angustias
1423 5169 1676 5250 adduceremur,
1709 5168 1799 5239 baud
1832 5168 1968 5240 difficile
1995 5176 2044 5238 est

250 5295 436 5366 intellectu:
463 5317 543 5364 uam
569 5293 675 5363 altera
699 5293 828 5363 ratione
855 5293 1049 5386 adprobata,
1076 5294 1167 5388 quud
1190 5317 1252 5387 pru
1278 5293 1496 5364 fundamento
1516 5291 1746 5386 disputationis
1771 5304 1903 5364 nostrae
1928 5291 2045 5385 pusui-

252 5442 336 5501 mus,
363 5419 399 5489 in
425 5409 617 5490 Monacensi
644 5417 801 5510 epitoma,
835 5417 1004 5488 uberrimo
1029 5417 1295 5488 Caecilianurum
1321 5417 1583 5509 fragmentorum
1613 5418 1714 5500 luute,
1749 5415 1834 5488 nibil
1867 5417 2045 5491 616666-
