4982 6280
1221 595 1467 668 ..gq-

449 795 603 867 efl'ectum
629 793 681 878 sit,
707 807 939 888 praeterquam
966 793 1055 886 quod
1089 793 1351 884 fragmentorum
1377 793 1644 866 Caecilianornm
1680 818 1754 868 eam
1785 819 1857 868 esse
1881 799 2113 871 condicionem
2148 821 2240 872 com·

448 919 672 1014 probavimus,
698 919 854 988 miseram
881 917 1033 1011 quidem·
1050 941 1088 988 uc
1113 918 1184 987 fere
1210 917 1429 1010 desperatam,
1456 929 1493 989 ut
1517 919 1575 989 vix
1599 921 1640 990 ad
1666 931 1791 992 certum
1817 920 1952 1015 aliquod
1977 921 2137 995 iudicium
2162 945 2242 1018 per·

448 1044 581 1116 ventas:
613 1041 748 1114 maioris
774 1051 824 1112 cst
848 1041 1018 1122 momenti,
1053 1041 1152 1135 quod,
1185 1054 1360 1136 postquam
1389 1065 1465 1136 pag.
1493 1044 1653 1116 tra-ts
1681 1048 1913 1119 Monacensem
1940 1048 2120 1142 epitomum
2145 1050 2239 1120 Pari-

448 1171 623 1262 sinamque
649 1190 691 1239 ex
715 1189 782 1238 nno
808 1167 953 1238 Caecilio
980 1167 1114 1236 fluxisse
1141 1166 1325 1249 docuimus,
1350 1167 1533 1253 Tiberium,
1558 1171 1709 1262 Xystnm,
1736 1171 1759 1238 i.
1786 1193 1816 1240 e.
1843 1171 1979 1242 Sextum
2005 1173 2058 1243 vel
2076 1173 2238 1257 Sextium,

429 1295 623 1376 Senecam,
656 1291 909 1384 Vespasianum,
944 1283 1020 1378 (vid.
1056 1313 1132 1383 pag.
1160 1291 1207 1360 50
1234 1285 1334 1380 med.)
1367 1291 1479 1361 Titum
1513 1292 1704 1362 aCaecilio
1735 1305 2010 1367 commemoratos
2043 1295 2147 1365 fuisse
2179 1293 2239 1364 de-

413 1397 415 1402 ·
448 1427 665 1488 monstratum
700 1417 755 1499 sit,
792 1416 912 1509 quibus
945 1415 1060 1496 addas,
1095 1435 1181 1508 quae
1216 1415 1323 1507 capite
1361 1415 1489 1487 decimo
1527 1416 1569 1486 de
1604 1416 1722 1487 Publio
1755 1419 1853 1510 Syro,
1893 1418 2070 1499 Cicerone,
2102 1418 2239 1489 Valerio

448 1543 607 1624 Maximo,
634 1537 761 1612 Seneca
785 1539 987 1608 monuimus.
1038 1541 1080 1609 Et
1106 1537 1150 1636 de
1173 1539 1225 1608 bis
1251 1539 1386 1631 quidem
1410 1540 1510 1609 rebus
1539 1541 1648 1611 statim
1680 1541 1793 1632 eloqui
1818 1563 1885 1610 non
1911 1540 2117 1623 dubitabam,
2152 1561 2238 1633 qnae

449 1689 542 1738 mens
567 1665 651 1736 mihi
677 1665 889 1757 suppetebat;
916 1663 1191 1756 quotiescumque
1215 1685 1294 1734 vero
1319 1665 1360 1734 de
1387 1672 1493 1734 aetate
1519 1663 1656 1735 Caecilii
1682 1664 1779 1737 llalbi
1804 1664 2016 1758 quaerebam,
2047 1687 2068 1735 a
2092 1686 2146 1734 me
2172 1665 2238 1733 irn-

448 1801 579 1885 petrara
605 1809 683 1859 non*
698 1787 801 1882 potui,
827 1797 863 1857 ut
879 1785 964 1856 banc
990 1787 1124 1857 illamve
1151 1787 1345 1856 sententiam
1363 1788 1596 1880 amplocterer;
1624 1788 1736 1879 itaque
1757 1787 1880 1858 factum
1901 1798 1960 1870 est,
1986 1797 2033 1868 ut,
2061 1809 2136 1856 enm
2155 1787 2238 1856 mibi

448 1914 618 1988 nonsatis
644 1922 828 1982 constarem
850 1921 881 1980 et
900 1907 982 1980 duas
1008 1911 1173 2004 longeque
1199 1909 1344 1980 diversas
1370 1911 1469 1980 simul
1495 1911 1622 1981 alerem
1647 1911 1836 1993 sententias,
1863 1912 1898 1982 in
1917 1909 2111 1992 Caecilium,
2138 1931 2239 2002 quem

449 2038 580 2110 tandem
607 2061 626 2106 e
650 2035 796 2106 tenebris
825 2033 972 2127 erupisse
997 2034 1195 2124 gaudebam,
1222 2033 1286 2105 hoc
1309 2035 1412 2106 officii
1436 2035 1673 2106 conferendum
1700 2036 1868 2118 ducerem,
1895 2047 1933 2106 ut
1952 2059 2013 2128 pro
2029 2036 2145 2116 altera,
2171 2057 2238 2128 que

447 2161 557 2240 Plinii,
584 2159 691 2230 Taciti
716 2158 864 2252 aequalis
890 2157 1073 2228 censendus
1091 2169 1149 2238 est,
1177 2157 1316 2228 firmiter
1340 2179 1536 2252 pugnarem,
1562 2161 1700 2232 alteram
1725 2161 1804 2231 viris
1830 2159 1934 2231 doctis
1957 2181 2026 2228 non
2051 2159 2237 2228 reticerem.

547 2284 674 2368 Quodsi
700 2282 970 2376 approbationem
1004 2281 1151 2353 virorum
1188 2281 1360 2354 doctorum
1387 2285 1542 2366 tulerunt,
1568 2306 1655 2377 quac
1680 2305 1779 2376 supra
1803 2305 1881 2378 pag.
1909 2283 2048 2354 tre-5¹
2082 2282 2123 2351 de
2152 2283 2237 2354 Sue-

448 2407 538 2478 tonio
564 2405 787 2499 exposuimus,
812 2427 995 2497 paucorum
1021 2415 1109 2474 certe
1134 2427 1299 2476 annorum
1324 2407 1467 2500 spatium
1492 2407 1647 2479 relictum
1674 2418 1722 2478 est
1746 2405 1939 2500 imperatori
1964 2406 2023 2477 illo
2041 2406 2191 2498 Augusto
2216 2429 2237 2476 a

448 2529 595 2603 Caecilio
621 2529 801 2612 admonito,
827 2551 871 2598 ne
896 2528 994 2599 deum
1018 2551 1052 2598 se
1071 2530 1185 2600 eredat
1208 2553 1293 2600 neve
1318 2531 1525 2602 adulatorum
1550 2533 1678 2603 scelera
1703 2531 1809 2603 inulta
1832 2531 1993 2625 patiatur:
2019 2530 2121 2600 misso
2146 2529 2236 2600 enim

447 2648 683 2744 Domitiano'),
717 2664 831 2748 utpote
865 2653 1013 2724 diversae
1046 2662 1185 2722 naturae
1210 2654 1419 2748 imperatore,
1454 2655 1629 2746 eligendus
1662 2656 1726 2726 erit
1757 2665 1815 2727 aut
1838 2657 1948 2726 Nerva
1981 2663 2038 2724 aut
2061 2653 2235 2724 Traianus.

450 2778 515 2849 Sed
540 2779 594 2849 hic
619 2777 816 2850 incredibile
841 2787 890 2847 est
915 2777 1015 2859 dictu,
1042 2785 1121 2867 quot
1145 2787 1295 2847 veterum
1320 2778 1518 2870 scriptorum
1543 2778 1709 2871 suffragiis
1733 2779 1874 2856 iuvetur,
1901 2797 2070 2872 quamque
2095 2775 2237 2845 mirifice

448 2903 499 2974 illi
525 2903 559 2973 in
586 2903 753 2974 efferenda
779 2904 850 2974 eins
875 2899 1091 2982 humanitate,
1126 2899 1293 2982 civilitate,
1328 2903 1488 2973 modestia
1523 2925 1592 2974 uno
1618 2901 1715 2995 quasi
1743 2924 1802 2972 ore
1827 2901 2044 2983 consentiant,
2079 2909 2116 2970 ut
2138 2898 2236 2992 plane

449 3027 593 3098 eundem
618 3027 653 3096 in
678 3028 813 3097 illorum
848 3024 1001 3096 laudibus
1036 3045 1207 3115 agnoscas,
1243 3024 1411 3117 adquam
1437 3025 1602 3096 Caecilius
1631 3025 1755 3096 librum
1786 3045 1885 3095 suum
1915 3005 2013 3093 misit.
2064 3021 2116 3092 En
2149 3021 2236 3112 ipsos

448 3163 547 3225 testes
571 3152 765 3246 producam.

545 3276 631 3348 Plin.
658 3276 731 3345 Sec.
758 3277 880 3366 Paneg.
912 3295 984 3366 cap.
1008 3277 1043 3358 2,
1070 3265 1096 3365 §
1122 3272 1161 3343 3:
1201 3274 1416 3345 Discernatur
1449 3273 1651 3344 orationibus
1685 3271 1803 3343 nostris
1835 3269 2004 3341 diversitas
2036 3277 2236 3360 temporum,

498 3408 600 3470 etex
626 3399 697 3492 ipso
722 3419 846 3488 genera
873 3398 1054 3489 gratiarum
1079 3395 1284 3486 agendarum
1311 3397 1526 3488 intelligatur,
1561 3397 1628 3480 cui,
1662 3395 1795 3490 quando
1819 3395 1886 3465 sint
1910 3402 2013 3464 actae
2046 3392 2236 3494 *Nusquam

496 3533 533 3594 ut
557 3523 632 3606 deo,
667 3544 832 3617 nusquam
857 3531 893 3592 nt
917 3509 1047 3593 numini
1080 3519 1310 3590 blandiamur:
1342 3541 1409 3590 non
1435 3519 1524 3589 enim
1550 3519 1591 3589 de
1627 3529 1778 3614 tyranno,
1812 3517 1870 3588 sed
1897 3516 1938 3587 de
1969 3517 2056 3598 οἰνος
2092 3537 2161 3586 non
2194 3514 2236 3585 de

497 3646 645 3727 domino,
671 3645 730 3716 sed
756 3645 796 3716 da
821 3655 957 3739 parente
983 3645 1165 3738 loquimur.
1216 3645 1325 3714 Unum
1351 3642 1469 3713 illese
1495 3667 1538 3712 ex
1562 3643 1669 3727 nobis,
1696 3655 1729 3714 et
1751 3643 1816 3714 boc
1840 3641 1946 3735 magis
1978 3640 2112 3711 excellit
2136 3649 2236 3732 atquo

497 3771 632 3852 eminet,
659 3770 749 3863 qnod
774 3792 878 3840 unum
904 3791 947 3838 ex
971 3767 1067 3840 nobis
1092 3777 1195 3861 putat,
1226 3791 1289 3839 nec
1314 3769 1423 3838 minus
1449 3768 1619 3840 bominem
1645 3791 1692 3854 se,
1727 3791 1828 3863 quam
1859 3765 2049 3839 bominibus
2082 3785 2236 3860 praeesse

496 3897 659 3968 meminit.
709 3896 793 3966 lbid.
821 3896 880 3977 52,
910 3896 944 3966 1:
972 3897 1102 3966 Horum
1128 3918 1231 3966 unum
1257 3895 1285 3964 si
1299 3894 1522 3997 ‘praestitisset
1546 3895 1642 3978 alius,
1669 3894 1719 3965 illi
1746 3895 1811 3965 iam
1837 3893 1962 3964 dudum
1986 3891 2151 3966 radiatum
2177 3911 2236 3960 ca·

496 4030 566 4114 put,
598 4031 631 4090 et
655 4020 766 4090 media
796 4020 882 4090 iuter
914 4018 993 4089 dens
1027 4021 1121 4091 sedes
1148 4041 1240 4120 auro
1264 3997 1373 4104 staiet,
1407 4028 1464 4089 aut
1493 4020 1592 4090 ebore
1626 4015 1937 4113 augustioribusque
1962 4017 2040 4100 aris,
2075 4027 2107 4086 et
2131 3992 2235 4109 gran-

497 4145 645 4216 dioribus
661 4145 802 4216 victimis
828 4145 1049 4215 invocaretur.
1088 4147 1139 4215 Tu
1156 4144 1295 4215 delubra
1311 4167 1377 4214 non
1403 4145 1468 4216 nisi
1493 4145 1688 4216 adoraturus
1714 4145 1834 4226 intras3
1861 4143 1920 4214 tibi
1944 4143 2111 4213 maximus
2129 4140 2235 4211 honor

356 4289 361 4300 ·
497 4270 664 4341 excubare
681 4291 743 4365 pro
760 4269 890 4362 templis
907 4269 1117 4362 postibusque
1143 4269 1303 4361 praetexi.
1339 4271 1393 4340 Sic
1411 4269 1458 4351 fit,
1484 4281 1521 4340 ut
1538 4270 1591 4341 dei
1608 4293 1775 4342 summum
1792 4270 1878 4339 inter
1895 4268 2047 4338 homines
2063 4268 2234 4358 fastigium
2335 4299 2342 4314 ·

497 4405 639 4477 servent,
666 4417 741 4466 cum
767 4395 904 4465 deorum
929 4395 999 4486 ipse
1024 4416 1091 4464 non
1117 4394 1263 4486 adpetas.
1314 4396 1427 4488 ltaque
1461 4405 1552 4466 tuam
1578 4405 1719 4464 statuam
1752 4395 1787 4463 in
1813 4393 1975 4464 vestibulo
2000 4392 2086 4463 lovis
2118 4389 2234 4484 optimi

499 4519 635 4588 maximi
667 4541 769 4589 unam
803 4519 993 4602 alteramve,
1029 4526 1061 4587 et
1093 4516 1180 4588 hanc
1213 4539 1358 4602 aeream,
1393 4519 1558 4589 cernimus
1593 4529 1654 4588 etc.
1705 4518 1787 4587 flur.
1823 4516 1936 4585 Victor
1968 4516 2009 4586 de
2042 4515 2136 4586 Caes.
2173 4516 2232 4586 ¹3:

528 4799 564 4876 ⁴⁸)
585 4803 668 4866 Suet.
689 4801 798 4865 Domit.
821 4805 874 4865 13:
898 4803 972 4865 Pari
999 4806 1177 4884 arrogantia
1198 4822 1264 4867 oum
1284 4807 1518 4883 procuratorum
1539 4805 1803 4882 saoromnomine
1830 4804 1991 4866 formalem
2011 4804 2144 4864 dictaret
2164 4801 2233 4880 epi-

448 4901 569 4979 stolam,
597 4903 644 4963 sie
664 4902 781 4982 eoepit:
808 4903 950 4964 Dmutuuc
969 4909 999 4964 et
1016 4903 1097 4966 Deus
1116 4910 1217 4965 noster
1237 4906 1280 4964 ate
1299 4901 1368 4978 fleat
1395 4904 1478 4964 iubet.
1520 4903 1606 4965 Unda
1632 4903 1804 4965 institutum
1816 4903 1964 4982 posthac,
1993 4907 2027 4963 at
2051 4919 2090 4962 ne
2116 4902 2233 4978 scripto

448 5001 571 5078 quidem
591 5017 629 5064 ac
650 5017 791 5064 sermone
816 5001 994 5078 cuiusquam
1021 5002 1233 5081 appellaretur
1258 5005 1358 5066 aliter.
1398 5003 1507 5064 Amal
1528 5003 1608 5066 Viot.
1629 5005 1669 5064 de
1690 5003 1776 5066 Caes.
1799 5007 1835 5064 11
1858 5003 1897 5062 de
1919 5002 2107 5062 Domitiano:
2133 4997 2234 5062 Maior

446 5099 608 5162 libidinum
628 5100 754 5178 flagitio,
774 5117 811 5160 ao
831 5099 901 5178 plns
923 5117 1013 5176 quam
1035 5103 1169 5180 superbe
1189 5106 1278 5164 utens
1299 5101 1448 5180 patribus,
1471 5103 1584 5180 quippo
1605 5102 1657 5178 qni
1671 5119 1706 5164 se
1728 5102 1881 5170 dominum
1902 5101 2051 5176 deumque
2072 5100 2135 5162 diei
2155 5115 2233 5160 eoe-

447 5197 541 5276 gerit,
565 5198 661 5275 quod
688 5198 896 5259 confestim
924 5199 968 5258 ab
999 5199 1284 5276 insequentibus
1312 5203 1505 5276 remotum,
1531 5200 1696 5261 validius
1726 5200 1837 5260 multo
1866 5199 2027 5279 posthae
2056 5199 2232 5275 deinceps

448 5297 625 5359 retulere.
667 5295 747 5375 Epit.
778 5297 818 5359 de
844 5297 930 5359 Caes.
958 5301 1006 5358 11.
1045 5295 1134 5360 Eutr.
1158 5301 1191 5378 7,
1216 5301 1255 5360 23
1282 5295 1362 5372 (15).
1403 5297 1491 5358 Oros
1521 5301 1554 5375 7,
1582 5301 1629 5360 10.
1674 5297 1710 5359 ln
1738 5299 1866 5358 nummis
1899 5297 2079 5374 quibusdam
2104 5297 2234 5358 vocatur

447 5395 531 5460 θεοῦ
551 5385 632 5472 υἱός.
