4982 6280
1213 599 1457 674 ..24-

903 802 965 872 llla
991 802 1081 872 enim
1107 801 1283 884 felicitatis,
1310 801 1394 871 haec
1420 800 1622 870 necessitatis
1648 800 1777 870 videtur
1803 821 1875 869 esse
1901 798 2094 871 substantia.

852 944 876 996 a.
901 926 1061 1017 Diogenes
1111 949 1187 996 cum
1238 926 1405 1019 quandam
1456 935 1597 996 statuam
1648 947 1770 1018 panem
1819 934 1979 1015 posceret,
2031 933 2064 992 et
2113 923 2178 993 hoc

903 1050 1151 1120 circumstantes
1175 1050 1387 1131 mirarentur,
1415 1048 1592 1130 condisce,
1619 1048 1737 1141 inquit,
1763 1049 1931 1141 repulsam
1956 1048 2055 1118 ferre.
2249 1067 2282 1119 1⁵

852 1193 877 1246 e.
901 1173 1110 1264 Hermogenes
1158 1175 1304 1244 Rhodius
1355 1195 1430 1244 cum
1480 1171 1683 1243 heneficium
1730 1171 1913 1264 quemlihet
1954 1179 2101 1264 peteret,
2146 1170 2180 1238 in

901 1297 1066 1391 principio
1091 1298 1250 1370 orationis
1276 1295 1391 1366 solitus
1417 1295 1529 1365 dicere
1556 1295 1676 1364 fertur:
2083 1292 2232 1378 [dicemi

902 1421 992 1504 Quid
1019 1421 1152 1512 eligitis,
1178 1431 1288 1490 uuum
1316 1418 1530 1490 concedendo
1556 1418 1727 1489 homiuem
1754 1418 1977 1510 ansegaudo
2012 1427 2152 1488 statuam
2178 1417 2232 1487 iu-

851 1561 877 1612 4.
902 1546 1144 1639 Epaminondas
1169 1545 1275 1614 dicit:
1299 1542 1398 1614 Diem
1423 1543 1560 1636 perisse,
1587 1542 1651 1613 hoc
1677 1541 1835 1612 estnihil
1862 1543 2075 1636 praestitisse.

853 1685 877 1738 o.
903 1670 1061 1740 Celeritas
1085 1669 1286 1742 heneficium
1313 1672 1438 1763 gratius
1463 1671 1554 1740 facit.
1661 1670 1803 1741 Socratas
1828 1671 1926 1740 dicit.
2247 1691 2282 1744 ιο

610 1813 673 1866 xv.
688 1813 738 1872 ,ne
755 1813 877 1865 maus.
901 1793 969 1862 Diu
1002 1792 1219 1864 deliberando
1237 1791 1378 1865 'amicos
1412 1794 1520 1886 elige,
1571 1794 1622 1862 De
1655 1794 1801 1863 amicitia
1834 1795 1915 1862 Bias
1948 1795 2098 1862 Priansos
2136 1793 2232 1863 dicit.

853 1932 877 1981 1.
903 1927 934 1986 et
959 1915 1001 1986 de
1027 1917 1141 1987 electis
1167 1919 1225 2011 qui
1251 1917 1366 1988 fideles
1393 1941 1464 1988 esse
1490 1926 1679 2010 potuerunt,
1708 1917 1830 1987 iudica.
1877 1907 2011 2009 Eosque
2038 1939 2104 1988 uno
2131 1917 2232 1987 aflec-

852 2057 877 2108 a.
901 2051 949 2123 tu,
968 2064 1035 2111 nou
1053 2067 1120 2114 uuo
1138 2043 1261 2115 habeas
1279 2043 1412 2113 merito.
1446 2045 1582 2115 Amicos
1596 2066 1737 2136 sequere
1755 2067 1837 2136 quos
1855 2066 1920 2113 uon
1939 2042 2063 2135 pudeat
2080 2041 2230 2133 elegisse.
2250 2054 2328 2107 aas.

851 2182 876 2234 a.
902 2167 1012 2238 Amici
1020 2168 1122 2238 vitam
1132 2179 1223 2240 tuam
1232 2171 1358 2262 imputa
1368 2170 1500 2240 famam.
1516 2169 1759 2241 Amicifamam
1770 2168 1996 2260 tuamimputa
2006 2167 2161 2257 gloriam.
2175 2165 2232 2234 Xis

760 2351 763 2362 .
2056 2304 2106 2358 tas
2123 2289 2210 2357 dicit

809 2433 834 2483 a.
852 2432 876 2484 e.
902 2414 995 2486 Nihil
1029 2424 1087 2497 est,
1122 2415 1210 2509 quod
1249 2439 1315 2485 nou
1349 2417 1476 2499 toleret,
1511 2417 1569 2509 qui
1594 2416 1741 2509 perfecte
1768 2414 1886 2507 diligit.
1937 2409 2236 2486 MENEFBANES

903 2560 979 2608 cum
1004 2539 1056 2608 illi
1082 2538 1218 2632 quidam
1244 2539 1379 2621 diceret,
1406 2540 1463 2610 ille
1489 2541 1580 2611 illius
1605 2540 1732 2610 amicus
1756 2549 1815 2622 est,
1843 2540 1922 2620 Cur,
1948 2537 2067 2630 inquit,
2095 2537 2154 2606 illo
2178 2534 2234 2604 di·

902 2664 968 2735 vite
994 2665 1051 2735 ille
1076 2688 1203 2758 pauper
1228 2666 1301 2735 esti
1326 2667 1463 2738 Amicus
1480 2688 1548 2736 nou
1565 2677 1625 2749 est,
1653 2666 1710 2757 qui
1729 2666 1881 2735 fortunae
1898 2662 2064 2756 particeps
2080 2683 2149 2730 non
2168 2668 2227 2731 cst.
2267 2668 2282 2718 ⁵

491 2918 741 2990 [trecasenum
769 2883 906 2990 Coolcrs
931 2922 1164 2992 Mosscsssrs:
1196 2923 1238 2996 17
1266 2923 1393 2994 solitum
1428 2922 1446 3005 ll
1488 2924 1529 2992 ts
1557 2924 1676 3016 elaqitis
1718 2913 1735 2996 ll
1777 2921 1836 2992 86.
1861 2921 1895 2991 h.
1952 2923 1965 2988 l
1997 2920 2120 3011 clipiaco
2155 2906 2173 2988 ll

521 3236 603 3315 XIV,
625 3240 654 3298 2.
695 3237 773 3298 Plut
793 3232 871 3322 περὶ
894 3233 1071 3313 δυσωπίας.
1103 3235 1258 3328 Διογένης
1275 3237 1332 3322 μὲν
1353 3229 1409 3305 οὖν
1428 3230 1505 3316 τούς
1526 3227 1717 3323 ἀνδριάντας
1736 3231 1805 3326 ᾔτει
1825 3227 1960 3322 περιιών
1979 3233 2013 3302 ἐν
2032 3233 2232 3323 Κεραμεικῷ,

438 3329 492 3397 καὶ
518 3321 605 3419 πρός
628 3322 707 3409 τούς
735 3323 962 3415 θαυμάζοντας
988 3328 1098 3420 than,
1126 3325 1357 3420 ἀποτυγχάνειν
1382 3337 1523 3420 μελετᾶν.
1564 3341 1650 3418 Diog.
1670 3339 1703 3400 L.
1726 3341 1754 3417 6,
1781 3341 1809 3415 2,
1837 3341 1892 3400 ts:
1914 3323 2017 3401 Ἤιτει
2042 3331 2124 3398 ποτὲ
2149 3333 2232 3405 (soil.

438 3429 610 3511 Diogenes)
633 3419 818 3516 ἀνδριάντα·
838 3427 1017 3519 ἐρωτηθεὶς
1036 3431 1082 3512 δὲ,
1103 3424 1159 3500 διά
1177 3431 1212 3499 τί
1231 3437 1328 3500 τοῦτο
1350 3441 1446 3516 ποιεῖ,
1468 3433 1616 3514 Melani,
1637 3427 1733 3514 εἶπεν,
1755 3421 1992 3518 ἀποτυγχάνειν.
2024 3434 2078 3494 W.
2099 3433 2133 3494 B.
2155 3432 2235 3494 Dio·
2256 3465 2259 3472 =

438 3547 544 3610 genes.
574 3529 686 3592 Fertur
706 3530 746 3590 de
767 3530 916 3609 Diogene,
938 3534 1019 3608 quod
1041 3551 1110 3595 cum
1131 3538 1282 3612 quendam
1303 3538 1460 3615 inopem
1481 3541 1607 3615 rogaret
1629 3539 1661 3596 et
1678 3554 1784 3612 partim
1798 3536 1837 3594 ab
1853 3551 1890 3594 eo
1904 3535 2028 3612 peteret
2049 3537 2081 3593 et
2102 3533 2234 3592 circum-

439 3634 558 3693 stantes
580 3631 620 3690 de
641 3628 702 3690 hoo
722 3629 916 3706 mirarentur,
937 3634 996 3692 ait:
1018 3631 1085 3695 Hoc
1105 3634 1177 3696 ideo
1199 3634 1291 3714 facio,
1313 3637 1384 3712 quia
1406 3635 1553 3696 condisce
1574 3631 1659 3694 ferre
1680 3635 1845 3712 repulsam.
1880 3626 1897 3696 ll
1938 3645 1972 3694 ts
1995 3629 2113 3708 elicitis]
2136 3629 2232 3690 Sorih.

440 3745 512 3789 esse
534 3729 617 3807 elicis
638 3731 724 3789 recte
745 3727 864 3789 monuit
885 3727 915 3788 G.
937 3727 970 3788 L.
990 3729 1082 3791 Both.
1125 3723 1149 3794 il
1186 3731 1404 3803 'comedendoJ
1427 3735 1445 3792 i.
1469 3751 1494 3792 c.
1517 3733 1544 3792 si
1566 3735 1598 3792 tu
1627 3731 1701 3791 mihi
1722 3731 1925 3806 concesseris,
1951 3730 2034 3789 situ
2061 3728 2135 3788 mihi
2161 3726 2235 3803 quid

440 3828 579 3905 dederim
600 3827 742 3905 necando,
764 3827 792 3886 si
811 3826 888 3886 mihi
908 3830 1082 3907 negaveris.
1134 3835 1151 3906 Η
1197 3830 1279 3907 XIV,
1302 3833 1330 3891 i.
1372 3830 1434 3891 Gir.
1457 3830 1480 3890 1.
1501 3827 1567 3889 Sar.
1587 3828 1654 3890 Pol.
1676 3831 1703 3905 3,
1727 3832 1774 3905 tt,
1796 3832 1843 3889 t1.
1885 3827 1938 3885 W.
1959 3825 1993 3885 B.
2014 3824 2103 3886 Bias:
2131 3823 2234 3894 ,Diem

439 3926 562 4004 perisse
582 3925 644 3985 hoc
666 3929 717 3986 est
737 3925 946 4003 praeterisse,'
966 3928 1019 3987 vel
1040 3931 1075 3988 ut
1094 3928 1125 3987 in
1146 3928 1216 3989 aliis
1238 3929 1426 3988 editionibus
1447 3927 1571 4004 legitur,
1602 3927 1702 3997 ,Diem
1726 3927 1849 4004 perisse
1871 3929 1920 3986 est
1940 3925 2007 3984 sina
2033 3924 2115 3983 bono
2137 3937 2237 4000 opero

439 4024 649 4104 praeterisse!
696 4015 715 4088 ll
763 4024 846 4101 XIV,
868 4026 895 4084 5.
925 4027 978 4085 W.
999 4027 1033 4086 Β.
1054 4027 1145 4088 Bias:
1168 4027 1215 4096 ,e
1237 4029 1265 4088 h.
1285 4047 1318 4103 g.
1338 4027 1366 4087 f.'
1400 4027 1504 4087 Malim
1525 4029 1626 4085 tamen
1648 4025 1805 4085 Socratem
1826 4025 1915 4085 huius
1937 4023 2012 4083 dicti
2033 4039 2105 4081 csse
2126 4023 2233 4080 auoto-

439 4139 514 4200 rem,
536 4139 625 4198 quem
648 4125 681 4182 et
700 4123 826 4184 aliunde
847 4125 1019 4201 accepimus
1041 4126 1123 4186 idem
1146 4129 1386 4188 commendasse.
1421 4127 1474 4187 Sic
1493 4127 1526 4185 in
1547 4125 1614 4186 cod.
1629 4125 1698 4185 Par.
1718 4124 1771 4186 lat.
1793 4127 1882 4200 5030,
1904 4121 1957 4183 fol.
1979 4123 2018 4182 77
2038 4136 2133 4180 verso
2154 4121 2234 4180 inter

440 4219 524 4280 diota
545 4221 717 4298 sapientum
736 4220 770 4280 hi
790 4239 902 4282 versus
923 4223 1078 4299 leguntur:
1102 4224 1258 4285 Socrates.
1293 4226 1350 4294 Qui
1372 4226 1425 4284 dat
1445 4225 1531 4302 prius
1553 4223 1642 4300 qnam
1662 4226 1795 4301 petatur,
1817 4221 1891 4282 Eius
1913 4221 2025 4280 donum
2046 4218 2233 4296 duplicatum

439 4317 523 4378 satis
543 4318 667 4378 videtur
687 4317 806 4395 petere,
828 4319 884 4388 out
911 4338 946 4381 se
974 4321 1049 4380 dicit
1076 4321 1178 4398 egere.
1228 4320 1245 4391 ll
1295 4322 1362 4399 XV,
1385 4327 1412 4384 1.
1454 4321 1506 4380 W.
1527 4321 1562 4382 B.
1584 4321 1666 4381 Bias.
1709 4322 1768 4381 Diu
1789 4320 1979 4396 deliheratos
2007 4319 2123 4377 amicos
2152 4316 2233 4392 elige

439 4431 558 4492 eosque
587 4433 647 4476 uno
670 4461 677 4476 .
698 4460 706 4476 .
727 4463 734 4477 .
756 4460 764 4476 .
784 4418 904 4479 merito.
954 4410 971 4482 ll
1021 4419 1077 4480 aa.
1099 4421 1127 4480 h.
1168 4419 1235 4498 XV,
1261 4424 1289 4481 2.
1331 4420 1383 4480 W.
1404 4421 1437 4480 B.
1460 4420 1545 4480 Socr.
1586 4421 1712 4480 Amicos
1734 4463 1741 4478 .
1763 4462 1770 4476 .
1791 4463 1798 4476 .
1820 4462 1828 4476 .
1849 4416 1993 4494 elegisse.
2045 4406 2061 4476 ll
2110 4413 2177 4487 XV,
2205 4415 2232 4472 3.

437 4513 492 4574 W.
513 4514 547 4574 B.
567 4514 655 4574 Bias:
679 4514 718 4575 A.
739 4533 768 4574 v.
791 4517 812 4574 t.
833 4519 943 4593 reputa
965 4517 1104 4594 gloriam.
1156 4521 1173 4590 ll
1225 4516 1377 4589 aliatus]
1406 4519 1549 4597 intelligo
1577 4517 1716 4578 Sextium
1743 4515 1961 4594 philosophum
1982 4512 2231 4590 Pythagoricum,

438 4612 554 4673 Tiberii
574 4612 643 4673 fere
664 4613 833 4689 aequalem,
856 4615 909 4690 qui
932 4615 1003 4675 aliis
1025 4615 1138 4676 dicitur
1158 4615 1264 4678 sixtus
1285 4618 1337 4678 vel
1351 4617 1468 4678 Xistus.
1496 4615 1571 4677 Dius
1595 4615 1765 4676 sententias
1787 4611 1940 4673 alluilino
1961 4612 1993 4670 in
2014 4611 2141 4670 latinum
2162 4625 2232 4668 ser-

400 4779 405 4788 ,
438 4728 560 4774 monem
580 4729 691 4772 versas
712 4712 876 4773 ediderunt
897 4713 949 4772 lh.
971 4713 1048 4775 Gale
1079 4715 1111 4774 in
1139 4731 1243 4793 opusc.
1264 4716 1393 4793 mythol.
1415 4716 1505 4793 phys.
1527 4717 1560 4774 et
1581 4714 1643 4773 eth.
1666 4730 1733 4790 pag.
1756 4712 1918 4771 ets-656
1947 4713 1980 4770 ot
1999 4710 2021 4769 1.
2044 4707 2075 4768 0.
2098 4707 2232 4768 Orellius

438 4812 469 4871 in
491 4828 597 4889 opusc.
619 4811 727 4872 Graec.
752 4813 815 4870 vet.
841 4811 972 4871 sentent.
999 4813 1061 4872 vol.
1083 4813 1106 4872 1.
1127 4832 1196 4892 pag.
1218 4816 1388 4876 211-268.
1429 4813 1514 4874 Inter
1539 4829 1616 4888 quas
1643 4811 1782 4888 quamvis
1809 4825 1909 4885 neque
1938 4809 2031 4868 tertia
2057 4810 2166 4867 nostra
2194 4805 2232 4865 de

438 4911 529 4972 amici
548 4911 616 4970 vita
635 4927 673 4970 ac
693 4910 775 4970 fama
795 4926 897 4985 neque
918 4913 1027 4986 quarta
1050 4914 1089 4972 de
1109 4910 1251 4989 perfecte
1273 4911 1429 4989 diligendo
1451 4909 1634 4987 reperiatur,
1656 4913 1797 4984 quartam
1811 4911 1913 4968 tamen
1926 4906 2018 4966 Xisto
2029 4904 2231 4964 tribuendam

439 5025 512 5069 csse
541 5022 670 5084 censeo,
696 5009 864 5086 propterea
891 5009 974 5083 quod
998 5009 1051 5069 W.
1075 5009 1111 5070 B.
1139 5010 1262 5069 tertiam
1291 5008 1410 5069 Biantis
1437 5025 1509 5068 esse
1537 5007 1654 5068 scribit.
1705 5000 1721 5072 ll
1771 5005 1839 5080 XV,
1867 5007 1896 5064 5.
1937 5004 1971 5063 P.
1996 5001 2065 5079 Syr.
2094 5003 2156 5062 827
2182 5000 2233 5060 0r.

440 5105 516 5177 (976
535 5106 639 5178 Zell):
661 5107 785 5166 Minime
805 5106 921 5166 amicus
941 5125 1017 5179 sum,
1044 5105 1186 5169 iomunae
1206 5109 1366 5187 particeps
1386 5107 1446 5166 nisi
1469 5107 1526 5166 sim
1546 5109 1626 5166 tuae.
1668 5103 1720 5161 W.
1743 5102 1778 5162 B.
1799 5102 2038 5163 Demosthenes:
2066 5099 2139 5160 Cum
2162 5101 2233 5175 qui-

439 5205 509 5266 dam
522 5205 722 5266 Demostheni
747 5205 866 5266 diceret
887 5205 926 5265 de
948 5204 1081 5281 quodam
1103 5223 1247 5284 paupere,
1269 5204 1326 5265 llle
1341 5205 1425 5264 illius
1439 5205 1555 5265 amicus
1571 5205 1633 5263 est:
1655 5202 1756 5270 Quare
1778 5216 1863 5278 ergo,
1884 5199 1984 5273 inquit
1997 5198 2231 5272 Demosthenes,

439 5300 497 5361 illo
523 5303 678 5363 existente
703 5303 800 5364 divite
828 5303 884 5364 ille
909 5302 990 5363 alius
1017 5320 1135 5381 pauper
1163 5305 1234 5364 esti
1262 5303 1300 5363 Δ.
1321 5320 1350 5362 ιι.
1372 5304 1428 5378 est,
1451 5318 1478 5379 q.
1499 5319 1528 5380 p.
1549 5301 1571 5362 f.
1593 5319 1621 5360 n.
1644 5317 1670 5361 e.
1719 5292 1736 5362 ll
1790 5312 1805 5360 ³
1828 5295 2029 5376 flacescentes]
2056 5298 2232 5374 corruptum

441 5400 500 5460 est.
542 5398 602 5462 Cir.
623 5402 692 5462 Par.
713 5403 741 5461 6.
782 5402 976 5480 Metrophanes
1001 5401 1080 5462 eoni-
1101 5399 1132 5461 C.
1153 5401 1188 5462 1..
1208 5401 1298 5462 Both.
