4982 6280
1251 615 1498 686 ...pg-

457 828 566 896 .mata
590 820 649 890 illa
674 817 813 890 Caecilii
839 838 909 888 esse
935 813 1110 906 ignorabat
1136 813 1442 908 praefationemque
1469 821 1594 882 tantum
1622 812 1656 882 in
1682 835 1742 883 suo
1768 811 1881 883 codice
1914 777 2108 882 invoniohot'
2131 801 2271 916 Caecilii

476 945 612 1014 nomine
637 943 845 1034 inscriptam
878 949 937 1010 aut
960 940 1045 1009 lorte
1071 940 1202 1009 lortuna
1226 939 1349 1010 lactum
1375 947 1433 1017 est,
1465 949 1502 1008 ut
1533 937 1675 1008 auctoris
1708 953 1844 1019 nomen,
1881 937 1970 1007 unde
2004 959 2065 1007 sua
2099 936 2269 1018 hauserat,

477 1066 666 1138 adscribere
692 1065 867 1145 omitteret,
894 1062 929 1133 id
955 1063 1045 1156 qnod
1071 1063 1103 1132 ei
1128 1063 1210 1133 alias
1235 1084 1369 1155 quoque
1395 1061 1553 1131 accidisse
1578 1083 1677 1151 supra
1701 1060 1845 1130 vidimus
1871 1082 1950 1153 pag.
1978 1059 2018 1142 4;
2044 1059 2098 1129 vel
2124 1059 2270 1152 denique

477 1190 629 1261 consulto
656 1187 794 1259 Caecilii
820 1209 941 1258 nomen
967 1187 1159 1279 suppressit.
1199 1188 1285 1256 Eum
1312 1207 1391 1256 vero
1415 1184 1562 1254 soluisse
1587 1183 1697 1254 aliena
1723 1206 1784 1276 pro
1809 1183 1877 1253 suis
1901 1182 2073 1254 vendilare
2099 1195 2135 1254 nt
2159 1184 2271 1276 suspi-

478 1336 604 1396 cemur,
639 1335 715 1382 cum
740 1311 783 1381 ab
809 1311 882 1382 eius
906 1310 1054 1381 moribus
1079 1309 1247 1392 abhorret,
1280 1320 1350 1380 turn
1376 1310 1479 1402 ipsius
1503 1308 1607 1379 verba
1632 1317 1743 1380 vetant
1767 1308 1803 1390 3,
1831 1308 1890 1390 14,
1917 1309 1940 1378 5
1966 1308 2104 1389 ,dixisse
2129 1310 2270 1400 legitur',·

477 1441 513 1524 3,
542 1441 600 1522 14,
629 1438 674 1508 13
708 1438 829 1532 ,pirata
854 1437 1005 1507 scribitur
1028 1436 1268 1529 respondisse,
1302 1436 1337 1518 3,
1366 1434 1422 1517 14,
1450 1435 1498 1504 42
1530 1433 1729 1525 ,suspexisse
1761 1433 1881 1502 dicitur
1912 1434 2072 1512 coelnm’;
2098 1431 2185 1514 4,4
2220 1446 2271 1512 ,ut

477 1567 584 1655 soant
608 1564 760 1634 historias
783 1563 944 1654 gentiom’,
970 1560 1169 1653 quibuscum
1196 1561 1345 1631 conleras
1371 1561 1472 1631 etiam
1499 1559 1533 1642 3,
1564 1559 1620 1640 14,
1649 1557 1683 1628 4.

577 1684 643 1757 Sed
668 1694 740 1756 utut
766 1694 824 1766 est,
851 1684 973 1778 passim
999 1705 1059 1776 per
1080 1682 1312 1754 Policraticum
1331 1682 1468 1753 Caecilii
1484 1684 1581 1755 Balbi
1607 1683 1745 1774 vestigia
1770 1705 1931 1777 apparere
1956 1682 2268 1762 monendnm'erat,

476 1830 520 1879 ne
546 1830 639 1902 spem
664 1829 827 1880 novorum
846 1806 983 1876 Caecilii
1009 1807 1271 1899 fragmentorum
1297 1808 1521 1879 eruendorum
1547 1808 1779 1879 abiiceremus.
1816 1810 1901 1877 Nam
1918 1808 1946 1876 si
1969 1807 2043 1899 quis
2068 1807 2270 1902 reputaverit
2305 1859 2317 1874 .
2462 1803 2463 1856 l

478 1931 635 2023 exiguam
660 1941 789 2002 tantum
815 1928 998 2001 Caeciliani
1023 1931 1134 2023 operis
1159 1942 1286 2023 partem
1312 1941 1453 2002 aemtem
1478 1932 1604 2011 tulisse,
1630 1935 1791 2002 loannem
1818 1933 1889 2001 Sar.
1914 1953 1995 2002 vero
2026 1921 2177 2023 pleniore
2200 1954 2269 2002 co-

478 2055 552 2126 dice
579 2078 676 2126 nsum
702 2055 821 2138 videri,
848 2053 965 2146 quidni
991 2075 1035 2124 ex
1060 2053 1190 2147 reliqua
1215 2077 1349 2146 quoque
1375 2055 1465 2125 illins
1490 2055 1599 2147 operis
1624 2065 1728 2146 parte,
1758 2078 1860 2146 quam
1886 2055 1920 2124 in
1946 2055 2056 2124 lucem
2074 2054 2269 2146 protrahere

477 2179 627 2252 nondum
653 2180 801 2271 contigit,
828 2179 1015 2269 fragmenta
1039 2177 1095 2248 bic
1119 2179 1190 2251 illic
1215 2179 1320 2250 latere
1344 2178 1548 2271 suspicetur?
1592 2179 1646 2250 Sic
1672 2179 1817 2272 exempli
1844 2180 1962 2269 gratia,
1997 2189 2129 2251 utrem
2154 2179 2269 2272 paucis

477 2304 669 2396 transigam,
697 2326 740 2372 ex
766 2302 914 2374 Caecilio
940 2303 1076 2374 liuxisse
1102 2304 1261 2396 suspicor,
1289 2326 1375 2395 quae
1399 2304 1557 2394 leguntur
1581 2304 1652 2374 Pol.
1680 2301 1714 2384 5,
1745 2304 1790 2372 17
1815 2302 1877 2373 suh
1903 2303 1960 2372 lin.

676 2427 776 2512 Quid,
801 2429 908 2519 inquit
931 2429 1074 2498 mra'osus
1096 2428 1315 2520 philosophias
1336 2441 1562 2520 perscrutator,
1588 2428 1648 2496 tihi
1666 2427 1870 2519 philosophia
1888 2428 2042 2497 contulit?
2066 2427 2108 2499 m
2125 2429 2269 2519 Aristip-

674 2575 747 2645 pus,
776 2551 814 2622 Ut
838 2573 909 2622 cam
934 2553 1091 2634 omnibns,
1118 2553 1176 2632 ait,
1202 2553 1382 2623 hominihus
1405 2553 1563 2645 intrepida
1586 2553 1722 2645 fabuler.

468 2679 652 2770 ‘Legunlur
677 2677 767 2746 enim
792 2675 876 2746 haec
902 2686 934 2746 et
958 2676 1078 2748 eodem
1108 2677 1225 2770 capite,
1260 2699 1328 2771 quo
1352 2677 1546 2769 Agathoclis
1579 2676 1703 2747 dictum
1738 2670 1810 2766 (cfr.
1837 2676 1880 2746 ad
1904 2676 2003 2747 Lind.
2031 2673 2065 2768 7)
2097 2687 2268 2748 narratum

478 2811 537 2884 est,
557 2809 589 2870 et
605 2799 708 2892 ipsius
726 2799 887 2894 Aristippi
905 2801 1070 2872 Caecilius
1087 2800 1259 2893 complura
1276 2800 1412 2871 exhibet
1428 2798 1716 2894 apophthegmata.
1751 2803 1842 2872 hlon.
1861 2802 1902 2882 11,
1921 2800 1956 2870 3.
1973 2801 2064 2870 xxl.
2082 2803 2215 2883 XXXV,
2233 2804 2267 2872 1.

477 2923 570 2996 Idem
596 2922 757 3016 Aristippi
789 2945 986 3016 responsum
1017 2923 1137 2994 iisdem
1163 2923 1272 2994 verbis
1297 2922 1332 2993 in
1359 2925 1385 2994 l.
1412 2925 1484 2994 Sar.
1511 2924 1605 3016 epist.
1638 2924 1706 2994 lot
1731 2917 1809 3012 (vol.
1836 2925 1877 2994 ll.
1904 2947 1981 3017 pag.
2008 2925 2055 2994 23
2084 2924 2136 2995 ed.
2164 2922 2267 3018 Giles)

476 3048 611 3140 legitur,
636 3071 699 3118 nec
725 3047 865 3118 multum
890 3048 959 3118 abit
982 3047 1083 3138 Diog.
1102 3048 1214 3117 Laert.
1236 3048 1278 3129 ll,
1308 3049 1342 3130 8,
1369 3047 1416 3118 68
1441 3055 1620 3147 ἐρωτηθεὶς
1640 3042 1726 3140 (scil.
1744 3049 1973 3146 Ἀρίστιππος)
1999 3057 2035 3126 sl
2061 3049 2153 3148 αὐτῷ
2176 3085 2269 3151 περι.

476 3181 601 3272 γέγονεν
621 3181 657 3251 ἐκ
681 3179 889 3272 φιλοσοφίας
910 3178 987 3274 ἔφη,
1012 3173 1061 3252 Td
1080 3175 1244 3251 δύνασθαι
1267 3181 1350 3251 πᾶσι
1374 3176 1589 3269 θαρρούντως
1610 3173 1744 3265 nonos:
1765 3171 1823 3241 scd
1841 3171 1993 3262 Diogene
2010 3173 2159 3255 Laertio,
2178 3173 2268 3267 quod

477 3296 592 3378 sciam,
618 3297 645 3366 1.
671 3297 848 3366 Sanusne
881 3307 1034 3378 nonest,
1070 3307 1103 3366 et
1127 3296 1163 3365 in
1189 3295 1379 3366 universum
1405 3295 1439 3364 in
1472 3293 1583 3364 latinis
1617 3295 1723 3385 magis
1756 3317 1857 3386 quam
1889 3295 2017 3386 graecis
2051 3297 2269 3390 scriptoribus

478 3428 627 3492 versatus
653 3419 754 3491 luisse
778 3418 925 3501 videtum
951 3430 1042 3490 certe
1067 3418 1138 3490 eius
1163 3441 1330 3512 nusquam
1355 3418 1557 3489 mentionem
1587 3419 1675 3490 fecit.

577 3545 627 3614 Ne
651 3543 753 3636 igitur
778 3543 900 3614 diutius
926 3543 961 3613 in
982 3543 1118 3614 incertis
1133 3565 1307 3615 versemur
1333 3542 1731 3638 coniecturisfiniumquc
1757 3545 2030 3638 prolesendorum
2057 3545 2213 3639 cupidine
2233 3547 2269 3616 in

478 3679 647 3739 certamen
674 3666 913 3738 descendamus
938 3647 1040 3739 invita
1065 3669 1201 3738 fortasse
1226 3669 1377 3740 Minerva
1402 3678 1434 3739 ct
1459 3669 1493 3738 in
1527 3680 1615 3741 terra
1639 3693 1758 3763 parum
1784 3671 1926 3762 cognita,
1961 3671 1996 3742 id
2029 3671 2140 3763 potius
2173 3670 2269 3742 nobis

478 3795 645 3886 agendum
672 3795 743 3877 erit,
777 3805 813 3865 ut
837 3794 922 3864 sitne
947 3794 1033 3865 hene
1059 3795 1236 3866 conciliata
1261 3803 1360 3889 atque
1394 3804 1522 3887 pacata,
1556 3817 1657 3888 qnam
1683 3793 1793 3866 adhuc
1817 3805 1943 3887 partam
1978 3795 2073 3865 nobis
2107 3795 2269 3866 habemus

477 3919 696 4012 provinciam,
724 3917 908 3989 accuratius
935 3919 1160 4012 inquiramus;
1187 3919 1298 4011 itaque
1321 3907 1584 3989 ¹examinandum
1610 3919 1683 4002 erit,
1710 3939 1791 3990 num
1817 3917 1843 3987 Ι.
1861 3921 1932 3989 Sar.
1948 3921 2020 4014 Pol.
2039 3920 2097 3990 lll.
2118 3920 2165 3989 14
2183 3921 2269 3991 Cae·

478 4041 593 4113 cilium
618 4043 760 4114 Balbum
786 4043 987 4134 compilasse
1013 4019 1240 4114 demonstrare
1264 4043 1438 4136 possimus.
1490 4042 1588 4126 Quod
1614 4065 1691 4114 cum
1718 4043 1783 4114 iam
1810 4043 2018 4114 Petersenius
2048 4043 2148 4114 unius
2175 4043 2268 4114 codi-

478 4167 525 4236 cis
550 4166 815 4258 Hamhurgensis
849 4167 1042 4238 auctoritate
1067 4177 1175 4238 motus
1209 4189 1270 4236 suo
1302 4167 1375 4238 iure
1400 4167 1560 4249 statuerit,
1596 4189 1684 4238 nunc
1714 4168 1780 4238 iam
1807 4168 1893 4240 hanc
1926 4167 2073 4239 tabulam
2107 4168 2267 4239 lectorum

478 4291 583 4362 oculis
608 4291 771 4363 subiicere
796 4291 886 4364 licet.

913 4453 1060 4530 cossas

673 4660 860 4753 Aristippus
972 4552 1014 4731 {⁵

675 4783 887 4888 Antisthenes

1121 4504 1207 4566 Lind.
1316 4505 1397 4566 Mon.
1483 4503 1553 4564 Par.
1646 4501 1683 4564 V.
1705 4503 1773 4564 Bel.
1899 4503 1952 4562 W.
1973 4501 2007 4562 B.

997 4714 1007 4732 .
1124 4663 1181 4733 14.
1295 4662 1355 4744 35,
1385 4663 1417 4730 1.
1492 4699 1541 4714 -
1673 4699 1730 4731 .-
1853 4664 2069 4733 Xenocrates.

975 4786 1010 4855 6.
1122 4823 1172 4840 -
1296 4786 1355 4869 35,
1382 4791 1417 4857 2.
1494 4825 1542 4836 -
1683 4828 1729 4839 -
1852 4788 2076 4860 Antisthenes.

753 4932 770 4972 o
973 4911 1026 4980 6⁰.
1123 4947 1172 4964 -
1296 4911 1417 4993 35,,3.
1493 4951 1542 4966 -
1680 4949 1729 4964 -
1942 4934 1958 4974 n

675 5035 766 5106 Titus
973 5036 1008 5104 7.
1124 5035 1181 5106 15.
1295 5036 1354 5120 35,
1381 5038 1416 5108 5.
1491 5077 1540 5092 -
1683 5075 1728 5087 -
1923 5076 1968 5089 --

674 5159 862 5254 xenophon
974 5158 1009 5229 s.
1126 5143 1183 5231 io.
1296 5161 1356 5244 35,
1383 5164 1418 5233 ο.
1497 5163 1553 5232 rs.
1620 5161 1655 5232 a.
1682 5159 1717 5246 3,
1744 5163 1803 5233 or.
1854 5162 2051 5256 xenophon.

676 5283 844 5378 Diogenes
975 5282 1011 5352 9.
1125 5285 1183 5355 17.
1297 5285 1358 5355 45.
1496 5323 1545 5339 ·-
1685 5323 1733 5336 —
1858 5286 2036 5378 Diogenes.

976 5412 999 5479 D

678 5409 769 5480 Plato
907 5395 1011 5480 ‘1.
1123 5445 1172 5464 ··-
1299 5445 1348 5462 -
1498 5449 1543 5462 ·-
1622 5411 1656 5483 h.
1683 5411 1718 5494 3,
1745 5413 1804 5483 79.
1856 5411 1960 5481 Plato.
