4982 6280
1240 615 1486 688 ..78-

465 816 589 892 lihrum
614 817 727 890 relatis
744 814 1029 907 Lindenhrogiani
1055 823 1088 884 et
1112 813 1376 906 Hamhorgensis
1401 812 1523 884 codicis
1548 785 1736 884 testimonia
1761 813 1861 884 modo
1880 815 2008 906 prolata
2032 815 2156 908 optime
2181 839 2257 889 cum
2393 835 2397 846 ·

404 922 410 936 ’
464 940 684 1034 descriptione
710 940 873 1033 epitomae
897 939 1106 1010 Monacensis
1131 938 1347 1008 conveniant:
1373 959 1436 1006 nec
1461 959 1480 1005 a
1507 937 1653 1008 Caecilio
1677 959 1766 1008 nunc
1795 939 1943 1030 prolecta
1968 959 2052 1008 esse·
2065 941 2257 1032 negaverim

462 1064 567 1137 uerha
591 1065 662 1148 illa,
689 1086 776 1158 quae
803 1071 932 1133 exstant
957 1065 1046 1135 Mon.
1072 1063 1193 1144 XXXI,
1220 1065 1259 1134 2:
1289 1085 1387 1133 »cum
1413 1062 1498 1132 alius
1524 1061 1772 1134 Demosthenen
1798 1073 1940 1132 tentius
1968 1063 2197 1155 obiurgaret.»

561 1187 751 1258 Dolendum
784 1185 921 1281 quidem
955 1195 1014 1267 est,
1048 1186 1106 1258 W.
1133 1185 1307 1258 Burleium
1332 1207 1393 1256 nos
1422 1185 1457 1255 in
1482 1185 1546 1256 hac
1572 1185 1767 1277 gravissima
1792 1185 1988 1279 quaestione
2021 1187 2255 1280 derelinquere

463 1311 601 1405 eiusque
626 1310 778 1381 libellum
812 1308 1019 1380 festinantius
1054 1309 1277 1402 conscriptum
1309 1309 1445 1380 omnino
1477 1331 1543 1380 non
1573 1331 1633 1402 pro
1664 1309 1881 1380 fundamento
1914 1311 2144 1404 disputationis
2174 1311 2255 1404 poni

461 1457 569 1531 posse.
608 1437 695 1507 Nam
721 1457 798 1506 cum
822 1435 891 1504 iam
918 1455 1018 1527 supra
1043 1455 1120 1503 eum
1145 1456 1211 1505 non
1237 1436 1375 1505 semel
1392 1472 1441 1488 -
1457 1455 1567 1529 neque
1593 1435 1683 1502 enim
1708 1433 1782 1504 fieri
1806 1435 1922 1526 potuit,
1948 1443 1985 1504 ut
2010 1434 2152 1505 eandem
2177 1457 2254 1506 sen-

461 1559 612 1630 tentiam,
629 1559 681 1630 his
714 1568 908 1653 excerperet
930 1595 979 1611 -
1009 1557 1159 1628 codicem
1190 1579 1286 1630 suum
1318 1558 1456 1628 Caecilii
1487 1557 1703 1650 perlustrasse
1734 1557 1908 1650 statimque
1941 1556 2006 1628 sihi
2031 1558 2253 1651 descripsisse,

461 1705 548 1778 qnae
573 1683 747 1754 commode
771 1683 886 1754 libello
912 1705 972 1752 sno
996 1683 1170 1763 insereret,
1197 1682 1255 1752 sed
1280 1681 1400 1753 iterum
1425 1690 1526 1773 atque
1553 1681 1672 1750 iterum
1694 1680 1853 1752 evolvisse
1879 1693 1912 1752 et
1927 1683 2105 1752 revolvisse
2131 1682 2256 1753 docue-

459 1807 575 1890 rimus,
600 1807 687 1878 nihil
711 1808 854 1900 amplius
880 1805 1107 1878 admirationis
1131 1804 1243 1888 hahet,
1269 1805 1359 1898 quod
1382 1804 1521 1875 Caecilii
1546 1804 1732 1896 fragmenta
1758 1816 1791 1875 et
1816 1805 1890 1875 aliis
1915 1805 2148 1876 historicorum
2172 1807 2253 1876 loeis

411 1973 415 1990 ι
460 1929 750 2013 intermixtasint,
776 1939 820 2013 et,
845 1929 905 2000 uhi
929 1929 1174 2010 continuantur,
1200 1928 1322 1997 mirum
1347 1927 1382 1997 in
1407 1925 1543 1996 modum
1569 1927 1762 2020 perturbata
1786 1950 1854 1997 non
1880 1927 2019 2020 pristino
2039 1949 2111 1998 sese
2135 1929 2253 1999 ordine

461 2053 636 2147 excipiant.
689 2053 758 2125 Clr.
790 2063 901 2125 tamen
924 2050 1071 2124 Platonis
1102 2050 1383 2146 apophthegmata
1407 2073 1484 2144 pag.
1512 2051 1559 2121 63
1585 2045 1611 2142 ὃ
1642 2053 1674 2120 1.
1700 2052 1735 2121 l.
1766 2053 1822 2122 ll.
1852 2053 1908 2122 12.
1939 2045 2253 2140 13.(=t10n.11

459 2178 501 2249 de
525 2177 696 2270 sapientia,
722 2179 769 2247 XI
795 2177 836 2247 de
859 2175 1033 2270 parcitate,
1059 2177 1231 2246 XXXVIII
1256 2175 1297 2244 de
1323 2174 1499 2266 religione,
1526 2175 1666 2246 XXXIX
1691 2173 1732 2244 de
1758 2169 1935 2268 imperiol)
1970 2175 2065 2245 Ilaec
2091 2175 2251 2248 hactenus

461 2301 502 2372 do
529 2301 749 2394 descriptione
775 2301 884 2395 operis
910 2299 1104 2372 Caeciliani.

849 2610 902 2694 12„
952 2611 1008 2694 [ld
1033 2609 1226 2694 lllCTllel
1251 2611 1308 2694 ET
1332 2611 1494 2694 AETATE
1520 2610 1693 2692 CAECILII
1719 2611 1849 2692 BlLBl.

556 2793 591 2864 Si
617 2793 756 2864 Caecilii
785 2794 975 2886 fragmenta
1000 2795 1113 2866 omnia
1138 2819 1182 2864 ex
1205 2818 1273 2866 uno
1297 2795 1452 2870 Waltero
1476 2794 1613 2866 Burleio
1644 2791 1788 2885 petenda
1813 2803 1933 2874 essent,
1967 2794 1996 2863 is
2020 2795 2127 2866 malus
2158 2795 2249 2868 haud

456 2916 557 2989 duhie
582 2918 826 2989 existimaretur
851 2939 924 2988 esse
948 2917 1116 2989 latinitatis
1141 2931 1273 3002 aneton
1299 2919 1583 3012 perhorrescimus
1609 2917 1698 2988 enim
1717 2917 1889 2997 vocuhula,
1918 2918 2030 3010 qualia
2055 2931 2132 2990 sunt
2155 2924 2250 2998 recti-

455 3039 558 3134 pluere,
583 3041 744 3124 intimare,
772 3041 962 3124 dchooaetm,
989 3042 1198 3124 dehonestare,
1225 3045 1413 3135 confutare,
1449 3045 1602 3124 comestio,
1637 3044 1796 3123 moereire,
1830 3043 2020 3134 ineptitudo,
2055 3035 2128 3132 (W.
2154 3046 2248 3118 Burl.

456 3163 523 3234 Sol.
550 3164 585 3246 7,
612 3163 703 3234 Socr.
730 3163 891 3256 7,1›iog.
918 3167 954 3236 3.
980 3163 1014 3234 3.
1044 3163 1101 3236 17.
1128 3165 1188 3235 21.
1215 3165 1274 3237 38.
1305 3167 1388 3237 Plat.
1418 3160 1494 3257 10):
1521 3189 1583 3237 nec
1607 3167 1704 3237 aliter
1734 3165 1949 3238 iudicandum
1976 3177 2062 3238 esset
2087 3168 2128 3238 de
2155 3191 2248 3240 oom-

454 3287 616 3380 positione
642 3289 820 3360 rethorum
845 3291 922 3361 coll.
940 3291 1040 3381 Diog.
1058 3283 1084 3382 ὃ
1101 3293 1125 3361 2
1144 3300 1176 3360 et
1197 3290 1232 3373 3,
1258 3291 1316 3361 sed
1342 3292 1601 3364 concederemus
1628 3291 1776 3384 quidem,
1804 3313 1881 3360 eum
1906 3292 2043 3382 longam
2068 3292 2247 3366 verborum

455 3411 736 3484 continuationem
770 3413 905 3507 fugisse,
940 3415 1205 3487 desideraremus
1228 3439 1308 3488 vero
1343 3401 1436 3511 aptas
1461 3419 1536 3489 illas
1562 3427 1595 3488 et
1619 3417 1716 3510 quasi
1740 3416 1898 3487 rotundas
1932 3417 2247 3511 comprehensiones

454 3544 489 3605 et
512 3536 653 3608 amhitus
678 3539 868 3610 verhomm.
918 3541 1084 3612 Mittamus
1118 3539 1220 3632 igitur
1244 3542 1417 3612 Borleium
1450 3542 1516 3612 iam
1550 3541 1681 3634 saepius
1706 3563 1727 3610 a
1752 3539 1848 3610 nohis
1881 3541 2053 3612 socordiae
2079 3553 2111 3612 et
2137 3543 2247 3634 negli-

454 3659 587 3752 gentiae
613 3673 803 3732 accusatum
830 3671 863 3732 et
887 3673 1092 3735 transeamus
1116 3663 1160 3734 ad
1186 3664 1398 3735 Vincentium
1423 3665 1706 3740 Bellovacenscm.

552 3783 617 3853 Sed
642 3793 679 3854 ut
703 3794 751 3854 cst
775 3785 811 3855 in
835 3787 1013 3878 proverbio
1038 3787 1108 3870 illo,
1142 3788 1262 3858 Incidit
1290 3788 1324 3858 in
1351 3788 1507 3880 Scyllam,
1543 3788 1601 3880 qui
1635 3787 1705 3858 vult
1738 3788 1841 3858 vitare
1867 3787 2083 3882 Charybdim,
2109 3788 2156 3858 ita
2184 3810 2245 3858 nos

452 3906 664 3978 vincentium
690 3931 833 4002 eumque
857 3911 1063 4002 praesertim,
1094 3913 1153 4005 qui
1185 3911 1356 4003 speculum
1383 3911 1511 3980 morale
1537 3911 1745 4004 conscripsit,
1779 3933 1847 3981 non
1873 3911 1973 3981 modo
2007 3933 2084 3982 cum
2108 3910 2245 3982 Bnrleio

451 4049 654 4124 magnopere
689 4034 873 4117 dissentire,
906 4032 965 4104 sed
999 4058 1042 4105 ne
1075 4035 1141 4106 sihi
1174 4034 1309 4129 quidem
1345 4045 1495 4105 constare
1523 4035 1685 4105 videmus.
1737 4037 1832 4106 Iuvat
1864 4034 1919 4136 hie
1951 4058 2058 4128 pauca
2091 4035 2245 4128 exempla

452 4151 650 4226 adscribere.

500 4278 596 4350 Vinc.
621 4281 707 4351 Bell.
733 4303 782 4374 sp.
808 4303 854 4350 m.
880 4281 937 4352 III.
964 4283 998 4365 9,
1026 4282 1067 4352 3:
1099 4283 1237 4375 Legitur
1262 4283 1296 4353 in
1443 4284 1501 4356 W.
1528 4283 1620 4353 Burl.
1648 4282 1786 4377 Pythag.
1816 4285 1877 4354 10:
1904 4284 1988 4355 Cum
2014 4282 2150 4377 quidam
2175 4293 2243 4353 sto-

450 4403 634 4494 proverhiis
651 4404 935 4498 philosophorum,
961 4409 1050 4501 quod
1069 4431 1142 4478 cum
1160 4407 1296 4500 quidam
1392 4405 1478 4475 lidus
1518 4404 1674 4475 audiente
1712 4405 1897 4497 Pythagora
1935 4406 2029 4487 dixit,
2067 4406 2242 4477 melleae

451 4523 578 4596 diceret
607 4525 761 4598 audiente
786 4527 985 4621 Pythagora,
1019 4530 1109 4622 quod
1141 4530 1296 4601 lihentius
1392 4550 1468 4598 cum
1494 4527 1692 4598 mulieribus
1718 4550 1907 4620 essequam
1934 4549 2010 4598 cum
2032 4526 2240 4620 philosophis

449 4657 635 4720 moraretur
659 4649 694 4719 in
720 4651 897 4722 mulierum
926 4651 1103 4734 consortio,
1134 4675 1234 4745 quam
1260 4653 1295 4723 in
1389 4632 1593 4722 conversari:
1610 4653 1653 4722 Et
1668 4675 1755 4735 sues,
1775 4651 1893 4746 inquit,
1908 4652 2063 4723 lihentius
2081 4651 2115 4721 in
2133 4673 2240 4722 coeno

448 4771 721 4866 philosophorum
759 4775 991 4859 contuhemio,
1030 4776 1200 4870 respondit
1229 4779 1295 4872 Py·
1389 4799 1491 4870 quam
1516 4777 1550 4846 in
1576 4799 1662 4870 aqua
1690 4786 1938 4850 conversantur.

448 4894 621 4986 thagoras:
646 4900 690 4970 Et
714 4921 769 4970 sus
794 4899 950 4972 lihentins
975 4900 1010 4970 iu
1035 4902 1105 4972 luto
1131 4923 1232 4994 quam
1259 4902 1292 4970 in
1868 4891 1870 4896 ’

452 5039 538 5114 aqua
563 5043 682 5114 pura.-

499 5141 595 5213 Vinc.
612 5143 698 5214 Bell.
715 5165 766 5237 sp.
784 5163 829 5214 ιιι.
846 5145 905 5216 111.
924 5143 959 5227 3,
977 5144 1039 5233 23:
1065 5148 1149 5216 Item
1174 5145 1216 5218 de
1233 5169 1296 5240 pa·
1441 5148 1498 5220 W.
1525 5146 1620 5218 Burl.
1647 5147 1739 5218 Socr.
1761 5148 1799 5219 3:
1826 5147 1911 5220 Cum
1936 5147 2072 5243 quidam
2099 5171 2142 5218 ex
2165 5147 2239 5220 eius

447 5263 571 5336 roholis
584 5263 868 5358 philosophorum.
901 5268 987 5338 Cum
1000 5267 1136 5361 quidam
1149 5269 1291 5340 Socratis
1390 5270 1539 5342 doctrina
1575 5272 1664 5342 hene
1702 5273 1812 5343 meriti
1845 5273 1999 5366 discipuli
2031 5272 2239 5344 discederent

446 5387 598 5484 discipuli
624 5391 817 5466 recederent
840 5393 881 5464 oh
899 5415 951 5478 eo,
976 5403 1177 5486 rogaverunt
1203 5417 1291 5479 enm,
1387 5408 1542 5490 rogantes
1569 5419 1657 5482 eum,
1684 5407 1721 5468 ut
1745 5397 1881 5490 aliquod
1906 5407 2118 5492 praeceptum
2144 5396 2237 5469 ordi·
2265 5479 2266 5483 Ἰ
