4982 6280
1045 539 1291 610 ...51-

272 749 404 822 differat
429 769 448 816 a
475 745 643 816 Suetonio.
693 743 794 814 Illum
826 743 952 834 quippe
982 739 1136 816 norimus
1161 759 1222 808 sua
1254 736 1451 829 plerumque
1477 759 1519 805 ex
1545 735 1664 806 alienis
1697 735 1836 807 hortulis
1869 749 2066 824 sumentem,

271 884 308 944 ut
333 875 403 966 ipse
437 870 610 965 profitetur
636 870 703 940 Sat.
730 867 789 937 lib.
815 869 843 936 1.
869 864 975 958 prael.
1002 856 1028 954 δ
1055 863 1093 932 b:
1127 863 1213 943 ,Nec
1237 859 1322 930 mihi
1354 859 1434 929 vitio
1460 873 1577 942 vertas,
1613 861 1642 931 si
1667 884 1720 930 res
1747 883 1830 954 quas
1855 885 1897 932 ex
1923 863 2066 936 lectione

270 997 363 1072 varia
394 994 570 1066 mutuabor
601 993 680 1085 ipsis
712 1013 812 1084 saepe
837 990 958 1070 verbis,
993 987 1115 1082 quihus
1141 987 1184 1058 ah
1210 986 1290 1080 ipsis
1324 985 1514 1058 auctoribus
1548 997 1721 1056 enarratae
1756 999 1842 1068 sunt,
1877 989 2066 1081 explicabo,

272 1121 352 1213 quia
377 1140 534 1212 praeseus
560 1139 642 1209 opus
668 1138 735 1186 uon
761 1112 974 1207 eloquentiae
1000 1111 1252 1181 ostentationem
1284 1110 1343 1180 scd
1368 1110 1612 1180 uosceudorum
1643 1112 1835 1202 congeriem
1867 1115 2065 1206 pollicetur'.

272 1246 339 1328 Qui
364 1243 516 1340 quamvis
542 1243 739 1336 plerumque
759 1261 815 1310 eos
832 1236 1019 1330 scriptores,
1047 1255 1130 1325 quos
1155 1241 1286 1302 secutus
1303 1243 1364 1312 cst,
1389 1234 1562 1304 nominare
1580 1236 1695 1317 soleat,
1722 1257 1789 1304 uon
1816 1235 1939 1306 desunt·
1956 1247 2066 1308 tamen

270 1371 357 1448 loca,
384 1368 440 1439 uhi
467 1367 586 1438 tacitus
612 1389 670 1438 eos
695 1363 897 1456 compilavit.
948 1363 1066 1451 Neque
1093 1355 1182 1449 quod
1209 1355 1264 1426 hic
1289 1356 1410 1441 omisit,
1446 1381 1522 1428 cum
1552 1357 1638 1429 nihil
1663 1359 1705 1429 ad
1738 1381 1811 1429 rem
1837 1361 1975 1430 attinere
2003 1385 2068 1454 pu-

270 1503 368 1576 taret,
395 1493 453 1563 alii
479 1490 685 1584 antiquitatis
710 1487 860 1560 historici
886 1485 992 1574 magis
1019 1483 1082 1553 sihi
1107 1482 1264 1573 religioni
1291 1481 1473 1554 duxeruut:
1509 1495 1597 1555 certe
1628 1485 1849 1578 plurimorum
1882 1486 1945 1556 hac
1971 1487 2005 1556 iu
2030 1509 2067 1557 re
2191 1541 2199 1574 ,

273 1643 313 1691 ea
338 1621 423 1690 solet
448 1641 520 1688 esse
545 1616 762 1696 taciturnitas,
789 1626 826 1684 ut
851 1613 878 1682 si
905 1611 1015 1680 miuus
1041 1609 1083 1678 ah
1110 1607 1202 1678 omui
1228 1607 1326 1700 culpa
1351 1631 1469 1691 vacua,
1497 1621 1531 1680 at
1555 1621 1677 1690 tamem
1713 1611 1798 1680 sicut
1823 1611 1947 1692 omnia,
1982 1633 2068 1705 quac

272 1711 368 1840 quasi
393 1767 486 1814 more
512 1741 675 1813 maiorum
705 1740 850 1810 instituta
876 1746 963 1816 suut,
990 1733 1180 1807 excusanda
1206 1755 1278 1803 esse
1303 1733 1466 1807 videatur.
1505 1737 1604 1807 Gellii
1630 1760 1684 1807 ex.
1711 1757 1761 1827 gr.
1788 1737 1839 1806 his
1864 1739 2067 1806 mentionem

272 1871 366 1951 lacit:
394 1881 475 1963 quot
501 1890 580 1940 vero
605 1867 687 1938 locis
713 1888 790 1936 eum
818 1859 1058 1956 compilaverit,
1094 1882 1137 1928 ex
1162 1859 1272 1929 indice
1302 1882 1411 1930 novae
1437 1860 1590 1930 editionis
1614 1862 1770 1931 lanienae
1804 1883 2000 1952 cognoscas:
2036 1867 2069 1932 et

272 2017 316 2064 ue
342 1994 497 2086 exempla
514 1991 646 2083 longius
662 1999 863 2081 repetamus,
889 2009 933 2056 ne
950 1985 1018 2056 illis
1037 1986 1172 2078 quidem
1191 1987 1320 2058 duobus
1337 1988 1431 2068 locis,
1458 1988 1515 2057 ahi
1542 2009 1625 2058 cum
1636 1987 1794 2057 Suetonio
1819 1988 1908 2068 lacit,
1936 1981 2006 2074 (clx.
2026 1987 2068 2058 ad

273 2121 393 2192 Policr.
421 2121 478 2190 lll.
509 2120 565 2199 lb,
595 2119 640 2187 17
667 2127 700 2185 et
727 2111 789 2205 25)
817 2134 1020 2207 quemquam
1048 2133 1125 2183 eom
1151 2111 1304 2184 laudasse
1330 2123 1499 2183 auctorem
1525 2112 1728 2181 monendum
1756 2120 1814 2180 est.
1857 2111 1964 2192 Addo,
1992 2112 2070 2205 qui-

272 2245 335 2316 hus
361 2243 549 2316 Macrobius
576 2243 644 2334 ipse
671 2243 804 2311 Satura.
831 2238 888 2308 lib.
916 2237 957 2318 ll,
985 2258 1057 2327 cap.
1080 2234 1154 2316 t‚8
1179 2235 1364 2329 praefatur:
1390 2235 1455 2316 ,Et
1482 2235 1516 2305 ui
1542 2234 1651 2314 fallor,
1679 2233 1804 2315 iuveni,
1830 2243 1867 2304 ut
1893 2233 1982 2303 iocos
2007 2257 2068 2303 re-

274 2382 381 2442 terum
407 2393 445 2440 ac
479 2369 641 2440 nobilium
666 2369 815 2438 virorum
850 2364 1109 2435 edocumatos
1142 2383 1192 2430 ex
1222 2360 1454 2450 multiiugis
1490 2359 1610 2428 libris
1642 2358 1804 2428 relatione
1839 2367 1955 2428 mutua
1988 2380 2070 2450 pro-

274 2496 439 2566 leramus’.
490 2493 646 2586 Denique
672 2492 736 2562 hoc
763 2512 898 2583 quoque
923 2490 997 2560 loco
1024 2489 1146 2560 codicis
1171 2487 1457 2579 Liudeuhrogiaui
1484 2488 1611 2558 accedit
1637 2487 1877 2557 testimonium:
1913 2486 1941 2555 is
1967 2485 2068 2569 euim,

274 2641 360 2712 quae
393 2617 481 2709 apdd
508 2619 534 2686 l.
561 2589 633 2687 Sar.
660 2616 730 2685 Pol.
758 2615 793 2697 3,
824 2615 880 2697 ld,
907 2613 955 2683 29
988 2622 1020 2682 et
1051 2612 1141 2704 apud
1167 2615 1271 2684 hlacr.
1299 2613 1367 2682 Sat.
1393 2616 1428 2695 2,
1456 2613 1490 2694 d,
1517 2614 1566 2682 27
1595 2621 1785 2694 occurrunt,
1820 2603 1846 2700 S
1875 2609 2069 2682 Maecilio

274 2743 381 2814 Balbo
406 2743 533 2814 tribuit

374 2869 498 2938 Verum
525 2865 609 2936 haec
643 2865 757 2958 paucis
790 2864 955 2934 monuisse
988 2863 1068 2932 satis
1101 2861 1220 2942 habeo,
1253 2862 1374 2953 qulbus
1401 2861 1595 2930 Suetonium
1620 2859 1897 2952 hlacrohiumque
1923 2859 2070 2931 Caecilio

274 2990 380 3062 Balbo
404 3011 481 3060 usos
516 3011 587 3059 esse
623 2997 654 3058 ct
678 2990 836 3057 loannem
863 2988 936 3057 Sar.
962 2987 1003 3057 iis
1035 2996 1124 3055 certe
1158 2984 1250 3065 locis,
1284 3006 1366 3076 quos
1399 2984 1570 3077 exscripsi,
1605 2983 1748 3055 eundem
1775 2983 1959 3053 Caecilium
1993 2993 2070 3054 ante

275 3115 389 3186 oculos
415 3113 571 3185 hahuisse
597 3111 843 3204 comprobetur.
894 3111 1004 3182 Unum
1029 3120 1155 3180 tautum
1182 3131 1301 3178 cavere
1327 3110 1412 3190 volo,
1440 3131 1482 3178 ue
1509 3109 1628 3179 Polior.
1648 3109 1705 3178 lib.
1724 3108 1782 3179 ill.
1805 3131 1878 3200 cap.
1901 3108 1948 3178 tt
1973 3122 2071 3178 totam

276 3263 319 3312 ex
345 3241 490 3313 Caecilio
516 3241 717 3334 descriptum
744 3261 816 3309 esse
841 3247 1037 3308 statuamus:
1069 3246 1247 3328 supersunt
1272 3257 1351 3304 saue
1378 3234 1483 3304 multa
1517 3232 1707 3315 admodum,
1741 3255 1827 3326 quae
1855 3232 1942 3303 haud
1969 3232 2072 3304 dubie

277 3387 320 3435 ex
344 3363 417 3458 ipso
443 3365 601 3435 Suetonio
626 3374 658 3434 et
682 3363 852 3435 Macrohio
878 3363 1041 3457 descripta
1066 3373 1153 3433 suut.
1228 3358 1236 3364 “

673 3765 706 3847 8.
748 3761 1020 3848 HELlNlelUS.
1063 3760 1311 3846 VINCENTIUS
1337 3759 1675 3842 unttttlthusts.

376 3985 432 4052 Fr.
459 3982 596 4052 Hortari
629 3980 662 4050 in
694 3980 833 4050 historia
865 3978 1051 4049 iunocentii
1075 3980 1122 4049 lll
1150 4001 1254 4071 papae
1278 3977 1345 4047 rol.
1372 3979 1428 4048 tv.
1455 3999 1532 4069 pag.
1564 3975 1636 4046 639
1669 3976 1752 4046 haec
1788 3985 1916 4046 exstant
1949 3977 2068 4048 verba:

281 4107 354 4176 »Da
380 4105 525 4176 Viucem
552 4104 637 4174 viele
664 4105 787 4175 Stellen
814 4103 874 4173 der
899 4103 1071 4172 Klassilrer
1097 4101 1243 4182 aoldhrt,
1277 4099 1330 4169 die
1366 4124 1440 4170 zum
1467 4100 1584 4170 Theile
1619 4099 1712 4169 nicht
1747 4099 1844 4170 mehr
1876 4100 2069 4173 vorhaudeu

277 4229 364 4310 sind,
390 4251 428 4298 so
452 4228 568 4300 wurde
596 4228 764 4298 viellcicht
797 4227 874 4298 eine
896 4226 1149 4317 Vergleichuug
1180 4227 1278 4317 jener
1303 4226 1428 4294 Stellcu
1461 4225 1515 4296 lttr
1548 4225 1645 4294 einen
1678 4225 1847 4316 tdchtigcu
1874 4225 2070 4320 Philologen

278 4355 353 4424 eine
379 4353 472 4423 nicht
496 4377 581 4444 ganz
606 4353 784 4425 werthlose
810 4351 980 4424 Aushcute
1006 4350 1223 4440 gewahreu.»

378 4478 439 4548 Cui
465 4477 571 4548 labori
592 4501 674 4549 *cum
699 4501 754 4547 me
780 4475 1038 4570 haudquaquam
1063 4498 1178 4569 parem
1206 4497 1278 4543 esse
1307 4473 1449 4543 sentiam
1483 4495 1593 4564 neque
1627 4473 1709 4542 alios
1741 4471 1851 4542 adhuc
1882 4474 2070 4564 philologos

278 4605 416 4674 llurteri
441 4605 580 4675 consilio
605 4605 851 4697 obtemperasse
878 4603 1040 4682 noverim,
1066 4602 1137 4695 ipse
1162 4611 1285 4680 nmen,
1312 4597 1435 4691 quippe
1462 4596 1519 4688 qui
1544 4595 1598 4666 vel
1632 4595 1777 4665 maxima
1804 4596 1934 4687 exiguis
1967 4597 2071 4668 initiis

278 4727 445 4823 proficisci
470 4729 584 4810 sciam,
611 4751 651 4800 ea
668 4728 836 4800 Vincentii
858 4727 931 4796 loca
948 4725 1013 4795 hoc
1031 4725 1138 4816 capite
1164 4722 1376 4814 congerenda
1403 4741 1473 4789 esse
1499 4719 1609 4800 statui,
1636 4740 1723 4811 quae
1741 4742 1784 4788 ex
1801 4719 1947 4790 Caecilio
1964 4721 2071 4790 Balbo

280 4851 445 4944 descripta
470 4875 542 4922 esse
566 4851 731 4922 videntur.
772 4853 865 4921 Haec
890 4871 944 4918 res
969 4869 1048 4917 vero
1074 4847 1155 4917 duas
1181 4845 1282 4916 habet
1306 4845 1485 4915 cautiones.
1525 4843 1671 4913 Primum
1698 4841 1801 4924 enim,
1827 4843 1856 4912 si
1882 4867 1968 4936 quae
1985 4843 2093 4914 Cae-‘

279 4976 359 5046 citio
384 4975 561 5048 tribuenda
588 4999 658 5046 esse
684 4975 875 5046 coniectura
908 4971 1127 5065 assequimur,
1158 4969 1338 5040 videndum
1365 4977 1425 5050 cst,
1458 4989 1502 5037 ne
1537 4967 1571 5036 iu
1597 4968 1739 5037 aliorum
1773 4967 1959 5037 involemus
1992 4989 2073 5060 pro-

280 5101 424 5170 vinciam
450 5123 533 5171 neve
560 5123 620 5194 pro
647 5099 846 5170 Caecilianis
877 5098 1096 5177 venditemus,
1131 5115 1217 5186 quac
1251 5093 1294 5162 ad
1329 5093 1411 5163 alios
1434 5091 1611 5162 referenda
1642 5101 1719 5160 suut
1751 5101 1918 5174 auctorea;
1951 5090 2072 5161 deiude

285 5249 353 5296 uon
387 5227 472 5296 adeo
505 5246 559 5296 me
590 5223 738 5294 immersi
765 5223 799 5292 iu
825 5222 993 5294 vincentii
1017 5243 1155 5315 operum
1178 5219 1357 5312 lectionem
1383 5242 1446 5288 nec
1471 5228 1560 5290 tanta
1586 5228 1635 5286 est
1660 5217 1726 5286 mei
1759 5216 1892 5300 fiducia,
1927 5229 1964 5287 ut
1986 5219 2073 5288 Cae-

285 5350 408 5422 ciliana
433 5351 548 5421 omnia
574 5358 737 5432 euotasse,
764 5347 813 5418 nil
839 5345 987 5416 omisisse
1013 5357 1143 5437 putem:
1170 5345 1273 5414 immo
1298 5367 1373 5414 cum
1391 5345 1495 5414 multa
1520 5363 1583 5434 ego
1604 5339 1740 5433 quidem
1766 5341 1958 5434 collegerim
1985 5344 2071 5424 loca,

1791 5473 1834 5541 ep&
