<?xml version="1.0" encoding="UTF-8"?>
<!DOCTYPE html PUBLIC "-//W3C//DTD XHTML 1.0 Transitional//EN"
    "http://www.w3.org/TR/xhtml1/DTD/xhtml1-transitional.dtd">
<html xmlns="http://www.w3.org/1999/xhtml" xml:lang="en" lang="en">
 <head>
  <title>
</title>
<meta http-equiv="Content-Type" content="text/html;charset=utf-8" />
  <meta name='ocr-system' content='tesseract 3.04.00' />
  <meta name='ocr-capabilities' content='ocr_page ocr_carea ocr_par ocr_line ocrx_word'/>
</head>
<body>
  <div class='ocr_page' id='page_1' title='image "./denugisphilosop00publgoog_0094.png"; bbox 0 0 4982 6280; ppageno 0'>
   <div class='ocr_carea' id='block_1_1' title="bbox 1009 615 1255 686">
    <p class='ocr_par' dir='ltr' id='par_1_1' title="bbox 1009 615 1255 686">
     <span class='ocr_line' id='line_1_1' title="bbox 1009 615 1255 686; baseline -0.004 -15"><span class='ocrx_word' id='word_1_1' title='bbox 1009 615 1255 686; x_wconf 77' lang='grc'>-79-</span> 
     </span>
    </p>
   </div>
   <div class='ocr_carea' id='block_1_2' title="bbox 222 813 1083 5114">
    <p class='ocr_par' dir='ltr' id='par_1_2' title="bbox 226 813 1083 2126">
     <span class='ocr_line' id='line_1_2' title="bbox 233 813 1081 909; baseline -0.002 -23"><span class='ocrx_word' id='word_1_2' title='bbox 233 822 271 886; x_wconf 90' lang='lat' dir='ltr'><strong>nt</strong></span> <span class='ocrx_word' id='word_1_3' title='bbox 285 813 423 908; x_wconf 76' lang='lat' dir='ltr'><strong>aliquod</strong></span> <span class='ocrx_word' id='word_1_4' title='bbox 444 825 658 909; x_wconf 85' lang='lat' dir='ltr'><strong>praeceptum</strong></span> <span class='ocrx_word' id='word_1_5' title='bbox 675 815 718 886; x_wconf 90' lang='lat' dir='ltr'><strong>ab</strong></span> <span class='ocrx_word' id='word_1_6' title='bbox 736 837 776 885; x_wconf 90' lang='lat' dir='ltr'><strong>eo</strong></span> <span class='ocrx_word' id='word_1_7' title='bbox 793 815 979 908; x_wconf 75' lang='lat' dir='ltr'><strong>reciperent</strong></span> <span class='ocrx_word' id='word_1_8' title='bbox 996 814 1081 884; x_wconf 93' lang='lat' dir='ltr'><strong>hene</strong></span> 
     </span>
     <span class='ocr_line' id='line_1_3' title="bbox 228 937 1083 1021; baseline 0 -13"><span class='ocrx_word' id='word_1_9' title='bbox 228 937 409 1009; x_wconf 89' lang='lat' dir='ltr'><strong>ordinandi</strong></span> <span class='ocrx_word' id='word_1_10' title='bbox 435 939 534 1009; x_wconf 87' lang='lat' dir='ltr'><strong>ritem</strong></span> <span class='ocrx_word' id='word_1_11' title='bbox 560 961 665 1009; x_wconf 90' lang='lat' dir='ltr'><strong>suam.</strong></span> <span class='ocrx_word' id='word_1_12' title='bbox 703 938 770 1021; x_wconf 84' lang='lat' dir='ltr'><strong>Qui</strong></span> <span class='ocrx_word' id='word_1_13' title='bbox 794 939 919 1010; x_wconf 88' lang='lat' dir='ltr'><strong>ducens</strong></span> <span class='ocrx_word' id='word_1_14' title='bbox 945 961 1001 1008; x_wconf 94' lang='lat' dir='ltr'><strong>eos</strong></span> <span class='ocrx_word' id='word_1_15' title='bbox 1027 961 1083 1008; x_wconf 88' lang='lat' dir='ltr'><strong>se·</strong></span> 
     </span>
     <span class='ocr_line' id='line_1_4' title="bbox 229 1060 1082 1135; baseline 0 -3"><span class='ocrx_word' id='word_1_16' title='bbox 229 1083 310 1132; x_wconf 92' lang='lat' dir='ltr'><strong>cum</strong></span> <span class='ocrx_word' id='word_1_17' title='bbox 334 1063 370 1132; x_wconf 94' lang='lat' dir='ltr'><strong>in</strong></span> <span class='ocrx_word' id='word_1_18' title='bbox 396 1060 622 1134; x_wconf 86' lang='lat' dir='ltr'><strong>deversorium</strong></span> <span class='ocrx_word' id='word_1_19' title='bbox 640 1085 736 1134; x_wconf 92' lang='lat' dir='ltr'><strong>suum</strong></span> <span class='ocrx_word' id='word_1_20' title='bbox 761 1073 795 1135; x_wconf 86' lang='lat' dir='ltr'><strong>et</strong></span> <span class='ocrx_word' id='word_1_21' title='bbox 817 1063 998 1134; x_wconf 90' lang='lat' dir='ltr'><strong>ascendens</strong></span> <span class='ocrx_word' id='word_1_22' title='bbox 1023 1085 1082 1132; x_wconf 90' lang='lat' dir='ltr'><strong>su-</strong></span> 
     </span>
     <span class='ocr_line' id='line_1_5' title="bbox 227 1185 1082 1279; baseline 0 -23"><span class='ocrx_word' id='word_1_23' title='bbox 227 1185 364 1279; x_wconf 87' lang='lat' dir='ltr'><strong>periora</strong></span> <span class='ocrx_word' id='word_1_24' title='bbox 389 1187 518 1272; x_wconf 91' lang='lat' dir='ltr'><strong>domus,</strong></span> <span class='ocrx_word' id='word_1_25' title='bbox 549 1187 644 1257; x_wconf 90' lang='lat' dir='ltr'><strong>iussit</strong></span> <span class='ocrx_word' id='word_1_26' title='bbox 675 1187 776 1260; x_wconf 83' lang='lat' dir='ltr'><strong>uxori</strong></span> <span class='ocrx_word' id='word_1_27' title='bbox 808 1211 899 1271; x_wconf 88' lang='lat' dir='ltr'><strong>snae,</strong></span> <span class='ocrx_word' id='word_1_28' title='bbox 934 1197 970 1257; x_wconf 94' lang='lat' dir='ltr'><strong>ut</strong></span> <span class='ocrx_word' id='word_1_29' title='bbox 1002 1208 1082 1260; x_wconf 83' lang='lat' dir='ltr'><strong>vase</strong></span> 
     </span>
     <span class='ocr_line' id='line_1_6' title="bbox 227 1310 1081 1404; baseline 0 -24"><span class='ocrx_word' id='word_1_30' title='bbox 227 1310 332 1382; x_wconf 86' lang='lat' dir='ltr'><strong>melle</strong></span> <span class='ocrx_word' id='word_1_31' title='bbox 356 1319 389 1381; x_wconf 94' lang='lat' dir='ltr'><strong>et</strong></span> <span class='ocrx_word' id='word_1_32' title='bbox 405 1310 480 1381; x_wconf 90' lang='lat' dir='ltr'><strong>oleo</strong></span> <span class='ocrx_word' id='word_1_33' title='bbox 506 1311 604 1404; x_wconf 89' lang='lat' dir='ltr'><strong>plena</strong></span> <span class='ocrx_word' id='word_1_34' title='bbox 630 1311 766 1382; x_wconf 89' lang='lat' dir='ltr'><strong>eiiceret</strong></span> <span class='ocrx_word' id='word_1_35' title='bbox 790 1312 944 1403; x_wconf 84' lang='lat' dir='ltr'><strong>desuper.</strong></span> <span class='ocrx_word' id='word_1_36' title='bbox 983 1310 1081 1393; x_wconf 84' lang='lat' dir='ltr'><strong>Quae</strong></span> 
     </span>
     <span class='ocr_line' id='line_1_7' title="bbox 230 1433 1081 1526; baseline -0.002 -22"><span class='ocrx_word' id='word_1_37' title='bbox 230 1433 345 1504; x_wconf 89' lang='lat' dir='ltr'><strong>statim</strong></span> <span class='ocrx_word' id='word_1_38' title='bbox 360 1456 481 1526; x_wconf 87' lang='lat' dir='ltr'><strong>parens</strong></span> <span class='ocrx_word' id='word_1_39' title='bbox 497 1433 561 1504; x_wconf 91' lang='lat' dir='ltr'><strong>hoc</strong></span> <span class='ocrx_word' id='word_1_40' title='bbox 579 1433 666 1504; x_wconf 90' lang='lat' dir='ltr'><strong>fecit.</strong></span> <span class='ocrx_word' id='word_1_41' title='bbox 704 1433 952 1505; x_wconf 76' lang='lat' dir='ltr'><strong>Admirantibus</strong></span> <span class='ocrx_word' id='word_1_42' title='bbox 970 1442 1081 1504; x_wconf 91' lang='lat' dir='ltr'><strong>autem</strong></span> 
     </span>
     <span class='ocr_line' id='line_1_8' title="bbox 228 1557 1080 1653; baseline -0.005 -23"><span class='ocrx_word' id='word_1_43' title='bbox 228 1559 402 1653; x_wconf 74' lang='lat' dir='ltr'><strong>discipulis</strong></span> <span class='ocrx_word' id='word_1_44' title='bbox 427 1559 488 1630; x_wconf 82' lang='lat' dir='ltr'><strong>ait:</strong></span> <span class='ocrx_word' id='word_1_45' title='bbox 513 1559 549 1630; x_wconf 89' lang='lat' dir='ltr'><strong>Si</strong></span> <span class='ocrx_word' id='word_1_46' title='bbox 573 1561 674 1630; x_wconf 88' lang='lat' dir='ltr'><strong>talem</strong></span> <span class='ocrx_word' id='word_1_47' title='bbox 699 1559 734 1629; x_wconf 95' lang='lat' dir='ltr'><strong>in</strong></span> <span class='ocrx_word' id='word_1_48' title='bbox 759 1560 860 1631; x_wconf 89' lang='lat' dir='ltr'><strong>rebus</strong></span> <span class='ocrx_word' id='word_1_49' title='bbox 878 1557 1080 1642; x_wconf 83' lang='lat' dir='ltr'><strong>etdomibus</strong></span> 
     </span>
     <span class='ocr_line' id='line_1_9' title="bbox 226 1682 1080 1778; baseline -0.005 -24"><span class='ocrx_word' id='word_1_50' title='bbox 226 1685 346 1754; x_wconf 72' lang='lat' dir='ltr'><strong>verbis</strong></span> <span class='ocrx_word' id='word_1_51' title='bbox 375 1693 569 1778; x_wconf 88' lang='lat' dir='ltr'><strong>potestatem</strong></span> <span class='ocrx_word' id='word_1_52' title='bbox 595 1682 787 1767; x_wconf 82' lang='lat' dir='ltr'><strong>habueritis,</strong></span> <span class='ocrx_word' id='word_1_53' title='bbox 818 1682 950 1754; x_wconf 89' lang='lat' dir='ltr'><strong>beatam</strong></span> <span class='ocrx_word' id='word_1_54' title='bbox 976 1682 1080 1752; x_wconf 84' lang='lat' dir='ltr'><strong>vitam</strong></span> 
     </span>
     <span class='ocr_line' id='line_1_10' title="bbox 228 1805 1082 1902; baseline -0.005 -24"><span class='ocrx_word' id='word_1_55' title='bbox 228 1807 369 1890; x_wconf 89' lang='lat' dir='ltr'><strong>ducetis,</strong></span> <span class='ocrx_word' id='word_1_56' title='bbox 395 1807 486 1902; x_wconf 88' lang='lat' dir='ltr'><strong>quia,</strong></span> <span class='ocrx_word' id='word_1_57' title='bbox 517 1807 546 1876; x_wconf 91' lang='lat' dir='ltr'><strong>si</strong></span> <span class='ocrx_word' id='word_1_58' title='bbox 569 1806 771 1878; x_wconf 85' lang='lat' dir='ltr'><strong>voluntatem</strong></span> <span class='ocrx_word' id='word_1_59' title='bbox 795 1805 1004 1898; x_wconf 88' lang='lat' dir='ltr'><strong>superiorum</strong></span> <span class='ocrx_word' id='word_1_60' title='bbox 1030 1805 1082 1874; x_wconf 93' lang='lat' dir='ltr'><strong>fe-</strong></span> 
     </span>
     <span class='ocr_line' id='line_1_11' title="bbox 227 1927 1082 2022; baseline -0.004 -20"><span class='ocrx_word' id='word_1_61' title='bbox 227 1931 337 2002; x_wconf 92' lang='lat' dir='ltr'><strong>cerint</strong></span> <span class='ocrx_word' id='word_1_62' title='bbox 369 1932 554 2013; x_wconf 85' lang='lat' dir='ltr'><strong>inferiores,</strong></span> <span class='ocrx_word' id='word_1_63' title='bbox 590 1953 658 2000; x_wconf 91' lang='lat' dir='ltr'><strong>non</strong></span> <span class='ocrx_word' id='word_1_64' title='bbox 690 1951 797 2013; x_wconf 92' lang='lat' dir='ltr'><strong>suam,</strong></span> <span class='ocrx_word' id='word_1_65' title='bbox 830 1939 909 1998; x_wconf 93' lang='lat' dir='ltr'><strong>tunc</strong></span> <span class='ocrx_word' id='word_1_66' title='bbox 941 1927 1082 2022; x_wconf 88' lang='lat' dir='ltr'><strong>pacifica</strong></span> 
     </span>
     <span class='ocr_line' id='line_1_12' title="bbox 226 2053 746 2126; baseline -0.006 -1"><span class='ocrx_word' id='word_1_67' title='bbox 226 2055 296 2126; x_wconf 85' lang='lat' dir='ltr'><strong>vita</strong></span> <span class='ocrx_word' id='word_1_68' title='bbox 322 2064 371 2124; x_wconf 88' lang='lat' dir='ltr'><strong>est</strong></span> <span class='ocrx_word' id='word_1_69' title='bbox 396 2065 428 2124; x_wconf 87' lang='lat' dir='ltr'><strong>et</strong></span> <span class='ocrx_word' id='word_1_70' title='bbox 453 2055 550 2124; x_wconf 88' lang='lat' dir='ltr'><strong>beatu</strong></span> <span class='ocrx_word' id='word_1_71' title='bbox 575 2053 608 2123; x_wconf 92' lang='lat' dir='ltr'><strong>iu</strong></span> <span class='ocrx_word' id='word_1_72' title='bbox 635 2053 746 2124; x_wconf 91' lang='lat' dir='ltr'><strong>domo.</strong></span> 
     </span>
    </p>

    <p class='ocr_par' dir='ltr' id='par_1_3' title="bbox 223 2176 1080 3138">
     <span class='ocr_line' id='line_1_13' title="bbox 275 2176 1079 2271; baseline -0.009 -19"><span class='ocrx_word' id='word_1_73' title='bbox 275 2180 376 2252; x_wconf 89' lang='lat' dir='ltr'><strong>Vinc.</strong></span> <span class='ocrx_word' id='word_1_74' title='bbox 395 2179 479 2252; x_wconf 89' lang='lat' dir='ltr'><strong>Dell.</strong></span> <span class='ocrx_word' id='word_1_75' title='bbox 497 2201 547 2271; x_wconf 90' lang='lat' dir='ltr'><strong>sp.</strong></span> <span class='ocrx_word' id='word_1_76' title='bbox 566 2201 611 2247; x_wconf 91' lang='lat' dir='ltr'><strong>m.</strong></span> <span class='ocrx_word' id='word_1_77' title='bbox 629 2179 686 2247; x_wconf 92' lang='lat' dir='ltr'><strong>lll.</strong></span> <span class='ocrx_word' id='word_1_78' title='bbox 705 2176 740 2260; x_wconf 85' lang='lat'><strong>8,</strong></span> <span class='ocrx_word' id='word_1_79' title='bbox 762 2177 797 2246; x_wconf 86' lang='lat' dir='ltr'><strong>l:</strong></span> <span class='ocrx_word' id='word_1_80' title='bbox 820 2178 903 2246; x_wconf 89' lang='lat' dir='ltr'><strong>ltem</strong></span> <span class='ocrx_word' id='word_1_81' title='bbox 922 2199 997 2246; x_wconf 91' lang='lat' dir='ltr'><strong>cum</strong></span> <span class='ocrx_word' id='word_1_82' title='bbox 1015 2177 1079 2246; x_wconf 87' lang='lat' dir='ltr'><strong>So-</strong></span> 
     </span>
     <span class='ocr_line' id='line_1_14' title="bbox 227 2299 1077 2395; baseline -0.005 -22"><span class='ocrx_word' id='word_1_83' title='bbox 227 2313 346 2386; x_wconf 83' lang='lat' dir='ltr'><strong>crates,</strong></span> <span class='ocrx_word' id='word_1_84' title='bbox 360 2314 397 2373; x_wconf 89' lang='lat' dir='ltr'><strong>ut</strong></span> <span class='ocrx_word' id='word_1_85' title='bbox 408 2303 531 2394; x_wconf 84' lang='lat' dir='ltr'><strong>legitur</strong></span> <span class='ocrx_word' id='word_1_86' title='bbox 544 2303 579 2372; x_wconf 94' lang='lat' dir='ltr'><strong>in</strong></span> <span class='ocrx_word' id='word_1_87' title='bbox 592 2300 776 2395; x_wconf 82' lang='lat' dir='ltr'><strong>proverbiis</strong></span> <span class='ocrx_word' id='word_1_88' title='bbox 789 2299 1077 2394; x_wconf 89' lang='lat' dir='ltr'><strong>philosophorum,</strong></span> 
     </span>
     <span class='ocr_line' id='line_1_15' title="bbox 226 2426 1079 2520; baseline -0.005 -22"><span class='ocrx_word' id='word_1_89' title='bbox 226 2426 414 2520; x_wconf 86' lang='lat' dir='ltr'><strong>hospitibus</strong></span> <span class='ocrx_word' id='word_1_90' title='bbox 439 2427 516 2498; x_wconf 88' lang='lat' dir='ltr'><strong>satis</strong></span> <span class='ocrx_word' id='word_1_91' title='bbox 541 2435 675 2497; x_wconf 89' lang='lat' dir='ltr'><strong>tenuem</strong></span> <span class='ocrx_word' id='word_1_92' title='bbox 707 2435 855 2520; x_wconf 88' lang='lat' dir='ltr'><strong>parasset</strong></span> <span class='ocrx_word' id='word_1_93' title='bbox 884 2447 1012 2507; x_wconf 86' lang='lat' dir='ltr'><strong>cenam,</strong></span> <span class='ocrx_word' id='word_1_94' title='bbox 1047 2433 1079 2493; x_wconf 89' lang='lat' dir='ltr'><strong>et</strong></span> 
     </span>
     <span class='ocr_line' id='line_1_16' title="bbox 226 2547 1078 2645; baseline -0.005 -23"><span class='ocrx_word' id='word_1_95' title='bbox 226 2549 367 2645; x_wconf 90' lang='lat' dir='ltr'><strong>quidam</strong></span> <span class='ocrx_word' id='word_1_96' title='bbox 392 2552 517 2622; x_wconf 84' lang='lat' dir='ltr'><strong>amicus</strong></span> <span class='ocrx_word' id='word_1_97' title='bbox 542 2574 621 2622; x_wconf 91' lang='lat' dir='ltr'><strong>suus</strong></span> <span class='ocrx_word' id='word_1_98' title='bbox 646 2573 723 2622; x_wconf 86' lang='lat' dir='ltr'><strong>eum</strong></span> <span class='ocrx_word' id='word_1_99' title='bbox 745 2571 845 2644; x_wconf 91' lang='lat' dir='ltr'><strong>super</strong></span> <span class='ocrx_word' id='word_1_100' title='bbox 871 2549 934 2620; x_wconf 91' lang='lat' dir='ltr'><strong>hoc</strong></span> <span class='ocrx_word' id='word_1_101' title='bbox 958 2547 1078 2619; x_wconf 87' lang='lat' dir='ltr'><strong>redar-</strong></span> 
     </span>
     <span class='ocr_line' id='line_1_17' title="bbox 226 2672 1080 2769; baseline -0.004 -25"><span class='ocrx_word' id='word_1_102' title='bbox 226 2686 358 2767; x_wconf 79' lang='lat' dir='ltr'><strong>gueret,</strong></span> <span class='ocrx_word' id='word_1_103' title='bbox 372 2676 434 2746; x_wconf 87' lang='lat' dir='ltr'><strong>eit:</strong></span> <span class='ocrx_word' id='word_1_104' title='bbox 452 2677 487 2747; x_wconf 91' lang='lat' dir='ltr'><strong>Si</strong></span> <span class='ocrx_word' id='word_1_105' title='bbox 503 2677 668 2769; x_wconf 90' lang='lat' dir='ltr'><strong>sapientes</strong></span> <span class='ocrx_word' id='word_1_106' title='bbox 686 2685 772 2757; x_wconf 90' lang='lat' dir='ltr'><strong>sunt,</strong></span> <span class='ocrx_word' id='word_1_107' title='bbox 790 2674 864 2745; x_wconf 88' lang='lat' dir='ltr'><strong>talis</strong></span> <span class='ocrx_word' id='word_1_108' title='bbox 882 2695 964 2744; x_wconf 87' lang='lat' dir='ltr'><strong>cene</strong></span> <span class='ocrx_word' id='word_1_109' title='bbox 981 2672 1080 2743; x_wconf 85' lang='lat' dir='ltr'><strong>docet</strong></span> 
     </span>
     <span class='ocr_line' id='line_1_18' title="bbox 226 2796 1078 2896; baseline -0.002 -28"><span class='ocrx_word' id='word_1_110' title='bbox 226 2799 444 2892; x_wconf 71' lang='lat' dir='ltr'><strong>sapientiamr</strong></span> <span class='ocrx_word' id='word_1_111' title='bbox 470 2799 498 2870; x_wconf 86' lang='lat' dir='ltr'><strong>si</strong></span> <span class='ocrx_word' id='word_1_112' title='bbox 525 2801 727 2896; x_wconf 86' lang='lat' dir='ltr'><strong>insipientes,</strong></span> <span class='ocrx_word' id='word_1_113' title='bbox 754 2799 819 2870; x_wconf 89' lang='lat' dir='ltr'><strong>hoc</strong></span> <span class='ocrx_word' id='word_1_114' title='bbox 843 2798 882 2868; x_wconf 90' lang='lat' dir='ltr'><strong>lit</strong></span> <span class='ocrx_word' id='word_1_115' title='bbox 898 2796 947 2868; x_wconf 88' lang='lat' dir='ltr'><strong>eis</strong></span> <span class='ocrx_word' id='word_1_116' title='bbox 972 2796 1078 2867; x_wconf 92' lang='lat' dir='ltr'><strong>docn-</strong></span> 
     </span>
     <span class='ocr_line' id='line_1_19' title="bbox 224 2923 1078 3006; baseline -0.001 -13"><span class='ocrx_word' id='word_1_117' title='bbox 224 2932 387 2993; x_wconf 90' lang='lat' dir='ltr'><strong>mentnm.</strong></span> <span class='ocrx_word' id='word_1_118' title='bbox 440 2924 474 2994; x_wconf 89' lang='lat' dir='ltr'><strong>Si</strong></span> <span class='ocrx_word' id='word_1_119' title='bbox 508 2947 561 2994; x_wconf 91' lang='lat' dir='ltr'><strong>res</strong></span> <span class='ocrx_word' id='word_1_120' title='bbox 595 2935 651 2994; x_wconf 91' lang='lat' dir='ltr'><strong>tna</strong></span> <span class='ocrx_word' id='word_1_121' title='bbox 685 2923 747 2994; x_wconf 93' lang='lat' dir='ltr'><strong>tibi</strong></span> <span class='ocrx_word' id='word_1_122' title='bbox 777 2946 844 2993; x_wconf 95' lang='lat' dir='ltr'><strong>non</strong></span> <span class='ocrx_word' id='word_1_123' title='bbox 877 2923 1009 3006; x_wconf 89' lang='lat' dir='ltr'><strong>sufficit,</strong></span> <span class='ocrx_word' id='word_1_124' title='bbox 1042 2932 1078 2992; x_wconf 95' lang='lat' dir='ltr'><strong>tu</strong></span> 
     </span>
     <span class='ocr_line' id='line_1_20' title="bbox 223 3046 851 3138; baseline 0.003 -23"><span class='ocrx_word' id='word_1_125' title='bbox 223 3046 395 3138; x_wconf 87' lang='lat' dir='ltr'><strong>parcendo</strong></span> <span class='ocrx_word' id='word_1_126' title='bbox 420 3048 471 3118; x_wconf 91' lang='lat' dir='ltr'><strong>rei</strong></span> <span class='ocrx_word' id='word_1_127' title='bbox 498 3047 549 3118; x_wconf 90' lang='lat' dir='ltr'><strong>fac</strong></span> <span class='ocrx_word' id='word_1_128' title='bbox 574 3056 611 3117; x_wconf 91' lang='lat' dir='ltr'><strong>ut</strong></span> <span class='ocrx_word' id='word_1_129' title='bbox 635 3046 781 3118; x_wconf 88' lang='lat' dir='ltr'><strong>sufficias</strong></span> <span class='ocrx_word' id='word_1_130' title='bbox 807 3047 851 3117; x_wconf 85' lang='lat' dir='ltr'><strong>ei.</strong></span> 
     </span>
    </p>

    <p class='ocr_par' dir='ltr' id='par_1_4' title="bbox 222 3167 1077 4497">
     <span class='ocr_line' id='line_1_21' title="bbox 275 3167 1077 3265; baseline -0.004 -24"><span class='ocrx_word' id='word_1_131' title='bbox 275 3170 317 3240; x_wconf 91' lang='lat' dir='ltr'><strong>V.</strong></span> <span class='ocrx_word' id='word_1_132' title='bbox 343 3171 428 3242; x_wconf 90' lang='lat' dir='ltr'><strong>Bell.</strong></span> <span class='ocrx_word' id='word_1_133' title='bbox 456 3193 505 3265; x_wconf 90' lang='lat' dir='ltr'><strong>sp.</strong></span> <span class='ocrx_word' id='word_1_134' title='bbox 530 3194 575 3242; x_wconf 91' lang='lat' dir='ltr'><strong>m.</strong></span> <span class='ocrx_word' id='word_1_135' title='bbox 602 3174 629 3241; x_wconf 91' lang='lat' dir='ltr'><strong>l.</strong></span> <span class='ocrx_word' id='word_1_136' title='bbox 657 3171 691 3254; x_wconf 88' lang='grc'><strong>3,</strong></span> <span class='ocrx_word' id='word_1_137' title='bbox 721 3171 807 3242; x_wconf 80' lang='lat' dir='ltr'><strong>lot:</strong></span> <span class='ocrx_word' id='word_1_138' title='bbox 837 3170 929 3242; x_wconf 85' lang='lat' dir='ltr'><strong>Sicut</strong></span> <span class='ocrx_word' id='word_1_139' title='bbox 953 3167 1077 3260; x_wconf 86' lang='lat' dir='ltr'><strong>legitur</strong></span> 
     </span>
     <span class='ocr_line' id='line_1_22' title="bbox 225 3291 1077 3387; baseline 0.001 -25"><span class='ocrx_word' id='word_1_140' title='bbox 225 3291 344 3362; x_wconf 88' lang='lat' dir='ltr'><strong>fecisse</strong></span> <span class='ocrx_word' id='word_1_141' title='bbox 360 3293 528 3386; x_wconf 85' lang='lat' dir='ltr'><strong>Diogenes</strong></span> <span class='ocrx_word' id='word_1_142' title='bbox 553 3293 783 3387; x_wconf 88' lang='lat' dir='ltr'><strong>philosophus.</strong></span> <span class='ocrx_word' id='word_1_143' title='bbox 825 3293 988 3377; x_wconf 81' lang='lat' dir='ltr'><strong>Quicum</strong></span> <span class='ocrx_word' id='word_1_144' title='bbox 1012 3293 1077 3364; x_wconf 90' lang='lat' dir='ltr'><strong>ha-</strong></span> 
     </span>
     <span class='ocr_line' id='line_1_23' title="bbox 223 3415 1077 3512; baseline 0.001 -25"><span class='ocrx_word' id='word_1_145' title='bbox 223 3416 321 3487; x_wconf 91' lang='lat' dir='ltr'><strong>beret</strong></span> <span class='ocrx_word' id='word_1_146' title='bbox 344 3417 534 3508; x_wconf 90' lang='lat' dir='ltr'><strong>pecuniam,</strong></span> <span class='ocrx_word' id='word_1_147' title='bbox 569 3439 671 3509; x_wconf 90' lang='lat' dir='ltr'><strong>quam</strong></span> <span class='ocrx_word' id='word_1_148' title='bbox 696 3415 741 3487; x_wconf 89' lang='lat' dir='ltr'><strong>ad</strong></span> <span class='ocrx_word' id='word_1_149' title='bbox 766 3426 865 3512; x_wconf 86' lang='lat' dir='ltr'><strong>ceput</strong></span> <span class='ocrx_word' id='word_1_150' title='bbox 892 3439 989 3488; x_wconf 88' lang='lat' dir='ltr'><strong>suum</strong></span> <span class='ocrx_word' id='word_1_151' title='bbox 1013 3440 1077 3510; x_wconf 92' lang='lat' dir='ltr'><strong>po·</strong></span> 
     </span>
     <span class='ocr_line' id='line_1_24' title="bbox 224 3539 1075 3634; baseline 0 -24"><span class='ocrx_word' id='word_1_152' title='bbox 224 3548 349 3621; x_wconf 85' lang='lat' dir='ltr'><strong>suerat,</strong></span> <span class='ocrx_word' id='word_1_153' title='bbox 386 3549 424 3610; x_wconf 94' lang='lat' dir='ltr'><strong>ut</strong></span> <span class='ocrx_word' id='word_1_154' title='bbox 457 3541 625 3622; x_wconf 91' lang='lat' dir='ltr'><strong>dormiret,</strong></span> <span class='ocrx_word' id='word_1_155' title='bbox 658 3551 691 3610; x_wconf 91' lang='lat' dir='ltr'><strong>et</strong></span> <span class='ocrx_word' id='word_1_156' title='bbox 720 3540 855 3634; x_wconf 88' lang='lat' dir='ltr'><strong>quidam</strong></span> <span class='ocrx_word' id='word_1_157' title='bbox 893 3541 978 3612; x_wconf 89' lang='lat' dir='ltr'><strong>latro</strong></span> <span class='ocrx_word' id='word_1_158' title='bbox 1011 3539 1075 3611; x_wconf 91' lang='lat' dir='ltr'><strong>boc</strong></span> 
     </span>
     <span class='ocr_line' id='line_1_25' title="bbox 224 3663 1075 3757; baseline 0 -23"><span class='ocrx_word' id='word_1_159' title='bbox 224 3664 423 3757; x_wconf 87' lang='lat' dir='ltr'><strong>perciperet,</strong></span> <span class='ocrx_word' id='word_1_160' title='bbox 450 3663 666 3734; x_wconf 78' lang='lat' dir='ltr'><strong>insidiabatur</strong></span> <span class='ocrx_word' id='word_1_161' title='bbox 691 3664 723 3734; x_wconf 91' lang='lat' dir='ltr'><strong>ei</strong></span> <span class='ocrx_word' id='word_1_162' title='bbox 748 3664 789 3734; x_wconf 94' lang='lat' dir='ltr'><strong>de</strong></span> <span class='ocrx_word' id='word_1_163' title='bbox 814 3672 910 3734; x_wconf 87' lang='lat' dir='ltr'><strong>nocte</strong></span> <span class='ocrx_word' id='word_1_164' title='bbox 936 3686 1075 3734; x_wconf 91' lang='lat' dir='ltr'><strong>consur-</strong></span> 
     </span>
     <span class='ocr_line' id='line_1_26' title="bbox 224 3787 1073 3882; baseline -0.001 -24"><span class='ocrx_word' id='word_1_165' title='bbox 224 3807 317 3880; x_wconf 81' lang='lat' dir='ltr'><strong>gens,</strong></span> <span class='ocrx_word' id='word_1_166' title='bbox 353 3787 520 3880; x_wconf 91' lang='lat' dir='ltr'><strong>quomodo</strong></span> <span class='ocrx_word' id='word_1_167' title='bbox 559 3788 735 3859; x_wconf 89' lang='lat' dir='ltr'><strong>dormienti</strong></span> <span class='ocrx_word' id='word_1_168' title='bbox 772 3810 846 3858; x_wconf 89' lang='lat' dir='ltr'><strong>eam</strong></span> <span class='ocrx_word' id='word_1_169' title='bbox 880 3790 1073 3882; x_wconf 88' lang='lat' dir='ltr'><strong>surriperet.</strong></span> 
     </span>
     <span class='ocr_line' id='line_1_27' title="bbox 223 3910 1074 4004; baseline -0.001 -23"><span class='ocrx_word' id='word_1_170' title='bbox 223 3911 268 3982; x_wconf 90' lang='lat' dir='ltr'><strong>Et</strong></span> <span class='ocrx_word' id='word_1_171' title='bbox 291 3911 349 3981; x_wconf 88' lang='lat' dir='ltr'><strong>ille</strong></span> <span class='ocrx_word' id='word_1_172' title='bbox 376 3931 394 3979; x_wconf 88' lang='grc' dir='ltr'><strong>ι</strong></span> <span class='ocrx_word' id='word_1_173' title='bbox 421 3919 535 3981; x_wconf 89' lang='lat' dir='ltr'><strong>contra</strong></span> <span class='ocrx_word' id='word_1_174' title='bbox 554 3910 638 3981; x_wconf 89' lang='lat' dir='ltr'><strong>haec</strong></span> <span class='ocrx_word' id='word_1_175' title='bbox 662 3910 847 3994; x_wconf 85' lang='lat' dir='ltr'><strong>advertens,</strong></span> <span class='ocrx_word' id='word_1_176' title='bbox 873 3934 953 4004; x_wconf 89' lang='lat' dir='ltr'><strong>prae</strong></span> <span class='ocrx_word' id='word_1_177' title='bbox 979 3911 1074 3983; x_wconf 89' lang='lat' dir='ltr'><strong>eolli-</strong></span> 
     </span>
     <span class='ocr_line' id='line_1_28' title="bbox 224 4034 1074 4128; baseline -0.001 -22"><span class='ocrx_word' id='word_1_178' title='bbox 224 4034 371 4106; x_wconf 91' lang='lat' dir='ltr'><strong>citudine</strong></span> <span class='ocrx_word' id='word_1_179' title='bbox 397 4034 603 4106; x_wconf 89' lang='lat' dir='ltr'><strong>custodiendi</strong></span> <span class='ocrx_word' id='word_1_180' title='bbox 625 4056 791 4105; x_wconf 81' lang='lat' dir='ltr'><strong>comeum</strong></span> <span class='ocrx_word' id='word_1_181' title='bbox 816 4035 1024 4128; x_wconf 78' lang='lat' dir='ltr'><strong>affligeretur</strong></span> <span class='ocrx_word' id='word_1_182' title='bbox 1041 4045 1074 4106; x_wconf 91' lang='lat' dir='ltr'><strong>et</strong></span> 
     </span>
     <span class='ocr_line' id='line_1_29' title="bbox 223 4155 1073 4251; baseline 0.002 -23"><span class='ocrx_word' id='word_1_183' title='bbox 223 4155 369 4228; x_wconf 91' lang='lat' dir='ltr'><strong>dormire</strong></span> <span class='ocrx_word' id='word_1_184' title='bbox 394 4157 558 4250; x_wconf 89' lang='lat' dir='ltr'><strong>nequiret,</strong></span> <span class='ocrx_word' id='word_1_185' title='bbox 589 4167 704 4226; x_wconf 86' lang='lat' dir='ltr'><strong>vocato</strong></span> <span class='ocrx_word' id='word_1_186' title='bbox 729 4159 857 4229; x_wconf 90' lang='lat' dir='ltr'><strong>latrone</strong></span> <span class='ocrx_word' id='word_1_187' title='bbox 882 4168 915 4228; x_wconf 92' lang='lat' dir='ltr'><strong>et</strong></span> <span class='ocrx_word' id='word_1_188' title='bbox 939 4168 1073 4251; x_wconf 88' lang='lat' dir='ltr'><strong>acceptu</strong></span> 
     </span>
     <span class='ocr_line' id='line_1_30' title="bbox 222 4282 1073 4376; baseline 0.001 -25"><span class='ocrx_word' id='word_1_189' title='bbox 222 4283 365 4374; x_wconf 87' lang='lat' dir='ltr'><strong>pecunia</strong></span> <span class='ocrx_word' id='word_1_190' title='bbox 390 4282 482 4352; x_wconf 91' lang='lat' dir='ltr'><strong>illam</strong></span> <span class='ocrx_word' id='word_1_191' title='bbox 507 4282 646 4376; x_wconf 90' lang='lat' dir='ltr'><strong>proiecit</strong></span> <span class='ocrx_word' id='word_1_192' title='bbox 670 4282 701 4351; x_wconf 94' lang='lat' dir='ltr'><strong>ci</strong></span> <span class='ocrx_word' id='word_1_193' title='bbox 719 4283 847 4353; x_wconf 86' lang='lat' dir='ltr'><strong>dicens:</strong></span> <span class='ocrx_word' id='word_1_194' title='bbox 873 4284 980 4366; x_wconf 85' lang='lat' dir='ltr'><strong>Tolle,</strong></span> <span class='ocrx_word' id='word_1_195' title='bbox 1006 4285 1073 4353; x_wconf 89' lang='lat' dir='ltr'><strong>rni-</strong></span> 
     </span>
     <span class='ocr_line' id='line_1_31' title="bbox 223 4403 903 4497; baseline 0.001 -23"><span class='ocrx_word' id='word_1_196' title='bbox 223 4425 288 4487; x_wconf 88' lang='lat' dir='ltr'><strong>ser,</strong></span> <span class='ocrx_word' id='word_1_197' title='bbox 316 4415 348 4474; x_wconf 89' lang='lat' dir='ltr'><strong>et</strong></span> <span class='ocrx_word' id='word_1_198' title='bbox 373 4415 542 4497; x_wconf 90' lang='lat' dir='ltr'><strong>utcunque</strong></span> <span class='ocrx_word' id='word_1_199' title='bbox 568 4427 621 4474; x_wconf 93' lang='lat' dir='ltr'><strong>me</strong></span> <span class='ocrx_word' id='word_1_200' title='bbox 647 4405 719 4475; x_wconf 88' lang='lat' dir='ltr'><strong>sine</strong></span> <span class='ocrx_word' id='word_1_201' title='bbox 745 4403 903 4475; x_wconf 90' lang='lat' dir='ltr'><strong>dormire.</strong></span> 
     </span>
    </p>

    <p class='ocr_par' dir='ltr' id='par_1_5' title="bbox 223 4530 1073 5114">
     <span class='ocr_line' id='line_1_32' title="bbox 273 4530 1073 4622; baseline 0.003 -23"><span class='ocrx_word' id='word_1_202' title='bbox 273 4530 364 4599; x_wconf 89' lang='lat' dir='ltr'><strong>lllon.</strong></span> <span class='ocrx_word' id='word_1_203' title='bbox 383 4531 489 4598; x_wconf 83' lang='lat' dir='ltr'>XLVI</span> <span class='ocrx_word' id='word_1_204' title='bbox 506 4530 556 4598; x_wconf 94' lang='lat' dir='ltr'><strong>De</strong></span> <span class='ocrx_word' id='word_1_205' title='bbox 574 4539 763 4622; x_wconf 90' lang='lat' dir='ltr'><strong>contemptu</strong></span> <span class='ocrx_word' id='word_1_206' title='bbox 781 4530 954 4622; x_wconf 86' lang='lat' dir='ltr'><strong>pecuniae.</strong></span> <span class='ocrx_word' id='word_1_207' title='bbox 989 4531 1073 4604; x_wconf 91' lang='lat' dir='ltr'><strong>Dio-</strong></span> 
     </span>
     <span class='ocr_line' id='line_1_33' title="bbox 224 4651 1073 4743; baseline 0.002 -23"><span class='ocrx_word' id='word_1_208' title='bbox 224 4671 326 4743; x_wconf 84' lang='lat' dir='ltr'><strong>genes</strong></span> <span class='ocrx_word' id='word_1_209' title='bbox 352 4673 429 4720; x_wconf 89' lang='lat' dir='ltr'><strong>cum</strong></span> <span class='ocrx_word' id='word_1_210' title='bbox 456 4651 505 4720; x_wconf 93' lang='lat' dir='ltr'><strong>illi</strong></span> <span class='ocrx_word' id='word_1_211' title='bbox 530 4673 551 4720; x_wconf 89' lang='lat' dir='ltr'><strong>a</strong></span> <span class='ocrx_word' id='word_1_212' title='bbox 576 4651 681 4742; x_wconf 88' lang='lat' dir='ltr'><strong>capite</strong></span> <span class='ocrx_word' id='word_1_213' title='bbox 706 4663 803 4722; x_wconf 86' lang='lat' dir='ltr'><strong>nocte</strong></span> <span class='ocrx_word' id='word_1_214' title='bbox 823 4653 876 4722; x_wconf 90' lang='lat' dir='ltr'><strong>fur</strong></span> <span class='ocrx_word' id='word_1_215' title='bbox 901 4654 1073 4725; x_wconf 90' lang='lat' dir='ltr'><strong>sacculum</strong></span> 
     </span>
     <span class='ocr_line' id='line_1_34' title="bbox 225 4774 1072 4861; baseline 0.002 -17"><span class='ocrx_word' id='word_1_216' title='bbox 225 4797 302 4844; x_wconf 89' lang='lat' dir='ltr'><strong>cum</strong></span> <span class='ocrx_word' id='word_1_217' title='bbox 327 4775 472 4844; x_wconf 90' lang='lat' dir='ltr'><strong>nummis</strong></span> <span class='ocrx_word' id='word_1_218' title='bbox 505 4774 698 4846; x_wconf 87' lang='lat' dir='ltr'><strong>subtrahere</strong></span> <span class='ocrx_word' id='word_1_219' title='bbox 728 4788 916 4861; x_wconf 90' lang='lat' dir='ltr'><strong>conaretur,</strong></span> <span class='ocrx_word' id='word_1_220' title='bbox 950 4787 983 4846; x_wconf 95' lang='lat' dir='ltr'><strong>et</strong></span> <span class='ocrx_word' id='word_1_221' title='bbox 1014 4777 1072 4847; x_wconf 88' lang='lat' dir='ltr'><strong>ille</strong></span> 
     </span>
     <span class='ocr_line' id='line_1_35' title="bbox 223 4899 1071 4993; baseline 0.004 -25"><span class='ocrx_word' id='word_1_222' title='bbox 223 4899 375 4968; x_wconf 86' lang='lat' dir='ltr'><strong>sentiret:</strong></span> <span class='ocrx_word' id='word_1_223' title='bbox 414 4899 527 4982; x_wconf 85' lang='lat' dir='ltr'><strong>Tolle,</strong></span> <span class='ocrx_word' id='word_1_224' title='bbox 564 4900 689 4993; x_wconf 92' lang='lat' dir='ltr'><strong>inquit,</strong></span> <span class='ocrx_word' id='word_1_225' title='bbox 729 4899 863 4982; x_wconf 78' lang='lat' dir='ltr'><strong>infelix,</strong></span> <span class='ocrx_word' id='word_1_226' title='bbox 898 4910 934 4970; x_wconf 97' lang='lat' dir='ltr'><strong>ut</strong></span> <span class='ocrx_word' id='word_1_227' title='bbox 969 4901 1071 4971; x_wconf 89' lang='lat' dir='ltr'><strong>facias</strong></span> 
     </span>
     <span class='ocr_line' id='line_1_36' title="bbox 226 5020 566 5114; baseline 0 -22"><span class='ocrx_word' id='word_1_228' title='bbox 226 5031 384 5114; x_wconf 88' lang='lat' dir='ltr'><strong>utrosque</strong></span> <span class='ocrx_word' id='word_1_229' title='bbox 410 5020 566 5092; x_wconf 90' lang='lat' dir='ltr'><strong>dormire.</strong></span> 
     </span>
    </p>
   </div>
   <div class='ocr_carea' id='block_1_3' title="bbox 1176 813 2024 1034">
    <p class='ocr_par' dir='ltr' id='par_1_6' title="bbox 1176 813 2024 1034">
     <span class='ocr_line' id='line_1_37' title="bbox 1176 813 2023 906; baseline 0.006 -23"><span class='ocrx_word' id='word_1_230' title='bbox 1176 813 1309 884; x_wconf 87' lang='lat' dir='ltr'><strong>nandae</strong></span> <span class='ocrx_word' id='word_1_231' title='bbox 1342 815 1428 887; x_wconf 87' lang='lat' dir='ltr'><strong>vitae</strong></span> <span class='ocrx_word' id='word_1_232' title='bbox 1453 815 1495 886; x_wconf 88' lang='lat' dir='ltr'><strong>eb</strong></span> <span class='ocrx_word' id='word_1_233' title='bbox 1522 837 1562 884; x_wconf 91' lang='lat' dir='ltr'><strong>eo</strong></span> <span class='ocrx_word' id='word_1_234' title='bbox 1590 813 1810 906; x_wconf 84' lang='lat' dir='ltr'><strong>perciperent,</strong></span> <span class='ocrx_word' id='word_1_235' title='bbox 1845 815 1938 886; x_wconf 91' lang='lat' dir='ltr'><strong>iussit</strong></span> <span class='ocrx_word' id='word_1_236' title='bbox 1964 837 2023 888; x_wconf 90' lang='lat' dir='ltr'><strong>eos</strong></span> 
     </span>
     <span class='ocr_line' id='line_1_38' title="bbox 1176 937 2024 1034; baseline 0.005 -27"><span class='ocrx_word' id='word_1_237' title='bbox 1176 937 1211 1008; x_wconf 92' lang='lat' dir='ltr'><strong>in</strong></span> <span class='ocrx_word' id='word_1_238' title='bbox 1228 939 1454 1010; x_wconf 84' lang='lat' dir='ltr'><strong>deversorium</strong></span> <span class='ocrx_word' id='word_1_239' title='bbox 1479 959 1593 1010; x_wconf 90' lang='lat' dir='ltr'><strong>secum</strong></span> <span class='ocrx_word' id='word_1_240' title='bbox 1618 938 1733 1008; x_wconf 82' lang='lat' dir='ltr'><strong>venire</strong></span> <span class='ocrx_word' id='word_1_241' title='bbox 1756 959 1963 1034; x_wconf 83' lang='lat' dir='ltr'><strong>uxoremque</strong></span> <span class='ocrx_word' id='word_1_242' title='bbox 1987 939 2024 1010; x_wconf 94' lang='lat' dir='ltr'><strong>in</strong></span> 
     </span>
    </p>
   </div>
   <div class='ocr_carea' id='block_1_4' title="bbox 1149 1063 2024 1158">
    <p class='ocr_par' dir='ltr' id='par_1_7' title="bbox 1149 1063 2024 1158">
     <span class='ocr_line' id='line_1_39' title="bbox 1149 1063 2024 1158; baseline 0.003 -26"><span class='ocrx_word' id='word_1_243' title='bbox 1149 1063 1401 1157; x_wconf 65' lang='lat' dir='ltr'><strong>&#39;superioribus</strong></span> <span class='ocrx_word' id='word_1_244' title='bbox 1443 1063 1653 1135; x_wconf 83' lang='lat' dir='ltr'><strong>constitutam</strong></span> <span class='ocrx_word' id='word_1_245' title='bbox 1693 1063 1821 1136; x_wconf 83' lang='lat' dir='ltr'><strong>vocavit</strong></span> <span class='ocrx_word' id='word_1_246' title='bbox 1863 1063 2024 1158; x_wconf 87' lang='lat' dir='ltr'><strong>iussitque</strong></span> 
     </span>
    </p>
   </div>
   <div class='ocr_carea' id='block_1_5' title="bbox 1175 1188 2087 1653">
    <p class='ocr_par' dir='ltr' id='par_1_8' title="bbox 1175 1188 2087 1653">
     <span class='ocr_line' id='line_1_40' title="bbox 1176 1188 2087 1282; baseline 0.002 -24"><span class='ocrx_word' id='word_1_247' title='bbox 1176 1209 1254 1258; x_wconf 84' lang='lat' dir='ltr'><strong>vasa</strong></span> <span class='ocrx_word' id='word_1_248' title='bbox 1279 1189 1379 1258; x_wconf 88' lang='lat' dir='ltr'><strong>melle</strong></span> <span class='ocrx_word' id='word_1_249' title='bbox 1405 1197 1438 1258; x_wconf 91' lang='grc' dir='ltr'><strong>ιι</strong></span> <span class='ocrx_word' id='word_1_250' title='bbox 1462 1188 1537 1258; x_wconf 91' lang='lat' dir='ltr'><strong>oleo</strong></span> <span class='ocrx_word' id='word_1_251' title='bbox 1563 1189 1663 1282; x_wconf 89' lang='lat' dir='ltr'><strong>plena</strong></span> <span class='ocrx_word' id='word_1_252' title='bbox 1687 1197 1725 1260; x_wconf 94' lang='lat' dir='ltr'><strong>ut</strong></span> <span class='ocrx_word' id='word_1_253' title='bbox 1756 1197 1928 1272; x_wconf 87' lang='lat' dir='ltr'><strong>everteret,</strong></span> <span class='ocrx_word' id='word_1_254' title='bbox 1962 1189 2024 1260; x_wconf 91' lang='lat' dir='ltr'><strong>ad·</strong></span> <span class='ocrx_word' id='word_1_255' title='bbox 2085 1225 2087 1230; x_wconf 96' lang='lat'>·</span> 
     </span>
     <span class='ocr_line' id='line_1_41' title="bbox 1175 1311 2024 1407; baseline 0.004 -25"><span class='ocrx_word' id='word_1_256' title='bbox 1175 1311 1440 1406; x_wconf 87' lang='lat' dir='ltr'><strong>mirantibusque</strong></span> <span class='ocrx_word' id='word_1_257' title='bbox 1465 1311 1634 1407; x_wconf 81' lang='lat' dir='ltr'><strong>discipulis</strong></span> <span class='ocrx_word' id='word_1_258' title='bbox 1660 1313 1720 1384; x_wconf 87' lang='lat' dir='ltr'><strong>ait:</strong></span> <span class='ocrx_word' id='word_1_259' title='bbox 1748 1313 1783 1384; x_wconf 90' lang='lat' dir='ltr'><strong>Si</strong></span> <span class='ocrx_word' id='word_1_260' title='bbox 1800 1313 1886 1384; x_wconf 91' lang='lat' dir='ltr'><strong>hanc</strong></span> <span class='ocrx_word' id='word_1_261' title='bbox 1911 1314 1945 1383; x_wconf 93' lang='lat' dir='ltr'><strong>in</strong></span> <span class='ocrx_word' id='word_1_262' title='bbox 1963 1312 2024 1385; x_wconf 94' lang='lat' dir='ltr'><strong>do-</strong></span> 
     </span>
     <span class='ocr_line' id='line_1_42' title="bbox 1176 1433 2021 1530; baseline 0.005 -26"><span class='ocrx_word' id='word_1_263' title='bbox 1176 1434 1285 1506; x_wconf 92' lang='lat' dir='ltr'><strong>mibus</strong></span> <span class='ocrx_word' id='word_1_264' title='bbox 1312 1437 1429 1508; x_wconf 83' lang='lat' dir='ltr'><strong>restris</strong></span> <span class='ocrx_word' id='word_1_265' title='bbox 1458 1459 1571 1508; x_wconf 91' lang='lat' dir='ltr'><strong>rerum</strong></span> <span class='ocrx_word' id='word_1_266' title='bbox 1603 1445 1794 1530; x_wconf 89' lang='lat' dir='ltr'><strong>potestatem</strong></span> <span class='ocrx_word' id='word_1_267' title='bbox 1829 1433 2021 1522; x_wconf 82' lang='lat' dir='ltr'><strong>habueritis,</strong></span> 
     </span>
     <span class='ocr_line' id='line_1_43' title="bbox 1175 1557 1648 1653; baseline 0 -25"><span class='ocrx_word' id='word_1_268' title='bbox 1175 1557 1308 1630; x_wconf 88' lang='lat' dir='ltr'><strong>beatam</strong></span> <span class='ocrx_word' id='word_1_269' title='bbox 1332 1559 1433 1630; x_wconf 83' lang='lat' dir='ltr'><strong>vitam</strong></span> <span class='ocrx_word' id='word_1_270' title='bbox 1458 1559 1648 1653; x_wconf 90' lang='lat' dir='ltr'><strong>disponetis.</strong></span> 
     </span>
    </p>
   </div>
   <div class='ocr_carea' id='block_1_6' title="bbox 1173 2177 2022 2988">
    <p class='ocr_par' dir='ltr' id='par_1_9' title="bbox 1173 2177 2022 2752">
     <span class='ocr_line' id='line_1_44' title="bbox 1223 2177 2022 2270; baseline -0.009 -19"><span class='ocrx_word' id='word_1_271' title='bbox 1223 2178 1283 2251; x_wconf 89' lang='lat' dir='ltr'><strong>W.</strong></span> <span class='ocrx_word' id='word_1_272' title='bbox 1309 2177 1401 2248; x_wconf 91' lang='lat' dir='ltr'><strong>Burl.</strong></span> <span class='ocrx_word' id='word_1_273' title='bbox 1429 2177 1527 2248; x_wconf 75' lang='lat' dir='ltr'><strong>Socr:</strong></span> <span class='ocrx_word' id='word_1_274' title='bbox 1547 2177 1588 2247; x_wconf 82' lang='lat'><strong>7:</strong></span> <span class='ocrx_word' id='word_1_275' title='bbox 1623 2177 1707 2248; x_wconf 86' lang='lat' dir='ltr'><strong>Cum</strong></span> <span class='ocrx_word' id='word_1_276' title='bbox 1737 2178 1888 2248; x_wconf 76' lang='lat' dir='ltr'><strong>Somates</strong></span> <span class='ocrx_word' id='word_1_277' title='bbox 1920 2195 2022 2270; x_wconf 90' lang='lat' dir='ltr'><strong>qnos·</strong></span> 
     </span>
     <span class='ocr_line' id='line_1_45' title="bbox 1175 2297 2021 2396; baseline 0 -26"><span class='ocrx_word' id='word_1_278' title='bbox 1175 2299 1253 2370; x_wconf 88' lang='lat' dir='ltr'><strong>dam</strong></span> <span class='ocrx_word' id='word_1_279' title='bbox 1278 2297 1424 2394; x_wconf 87' lang='lat' dir='ltr'><strong>hospites</strong></span> <span class='ocrx_word' id='word_1_280' title='bbox 1441 2321 1517 2370; x_wconf 91' lang='lat' dir='ltr'><strong>suos</strong></span> <span class='ocrx_word' id='word_1_281' title='bbox 1542 2301 1620 2370; x_wconf 87' lang='lat' dir='ltr'><strong>satis</strong></span> <span class='ocrx_word' id='word_1_282' title='bbox 1636 2301 1730 2372; x_wconf 85' lang='lat' dir='ltr'><strong>tenni</strong></span> <span class='ocrx_word' id='word_1_283' title='bbox 1755 2323 1838 2374; x_wconf 89' lang='lat' dir='ltr'><strong>cena</strong></span> <span class='ocrx_word' id='word_1_284' title='bbox 1854 2303 2021 2396; x_wconf 89' lang='lat' dir='ltr'><strong>suscipere</strong></span> 
     </span>
     <span class='ocr_line' id='line_1_46' title="bbox 1174 2425 2020 2518; baseline 0.001 -24"><span class='ocrx_word' id='word_1_285' title='bbox 1174 2433 1317 2518; x_wconf 89' lang='lat' dir='ltr'><strong>pararet,</strong></span> <span class='ocrx_word' id='word_1_286' title='bbox 1344 2434 1377 2496; x_wconf 91' lang='lat' dir='ltr'><strong>et</strong></span> <span class='ocrx_word' id='word_1_287' title='bbox 1404 2425 1531 2496; x_wconf 90' lang='lat' dir='ltr'><strong>amicus</strong></span> <span class='ocrx_word' id='word_1_288' title='bbox 1563 2425 1634 2497; x_wconf 90' lang='lat' dir='ltr'><strong>eius</strong></span> <span class='ocrx_word' id='word_1_289' title='bbox 1658 2425 1724 2498; x_wconf 93' lang='lat' dir='ltr'><strong>hoc</strong></span> <span class='ocrx_word' id='word_1_290' title='bbox 1757 2427 1807 2497; x_wconf 92' lang='lat' dir='ltr'><strong>illi</strong></span> <span class='ocrx_word' id='word_1_291' title='bbox 1842 2427 2020 2509; x_wconf 85' lang='lat' dir='ltr'><strong>intimaret,</strong></span> 
     </span>
     <span class='ocr_line' id='line_1_47' title="bbox 1174 2547 2022 2642; baseline -0.001 -24"><span class='ocrx_word' id='word_1_292' title='bbox 1174 2548 1238 2618; x_wconf 90' lang='lat' dir='ltr'><strong>ait:</strong></span> <span class='ocrx_word' id='word_1_293' title='bbox 1273 2548 1308 2618; x_wconf 91' lang='lat' dir='ltr'><strong>Si</strong></span> <span class='ocrx_word' id='word_1_294' title='bbox 1332 2547 1412 2618; x_wconf 90' lang='lat' dir='ltr'><strong>boni</strong></span> <span class='ocrx_word' id='word_1_295' title='bbox 1443 2556 1530 2633; x_wconf 90' lang='lat' dir='ltr'><strong>sunt,</strong></span> <span class='ocrx_word' id='word_1_296' title='bbox 1564 2549 1806 2642; x_wconf 85' lang='lat' dir='ltr'><strong>aequanimiter</strong></span> <span class='ocrx_word' id='word_1_297' title='bbox 1836 2549 1958 2630; x_wconf 74' lang='lat' dir='ltr'><strong>ferent:</strong></span> <span class='ocrx_word' id='word_1_298' title='bbox 1992 2547 2022 2618; x_wconf 92' lang='lat' dir='ltr'><strong>si</strong></span> 
     </span>
     <span class='ocr_line' id='line_1_48' title="bbox 1173 2671 1651 2752; baseline 0.008 -13"><span class='ocrx_word' id='word_1_299' title='bbox 1173 2671 1265 2752; x_wconf 90' lang='lat' dir='ltr'><strong>mali,</strong></span> <span class='ocrx_word' id='word_1_300' title='bbox 1291 2692 1359 2741; x_wconf 94' lang='lat' dir='ltr'><strong>non</strong></span> <span class='ocrx_word' id='word_1_301' title='bbox 1385 2681 1434 2742; x_wconf 90' lang='lat' dir='ltr'><strong>est</strong></span> <span class='ocrx_word' id='word_1_302' title='bbox 1458 2671 1651 2744; x_wconf 88' lang='lat' dir='ltr'><strong>curandum.</strong></span> 
     </span>
    </p>

    <p class='ocr_par' dir='ltr' id='par_1_10' title="bbox 1174 2795 2021 2988">
     <span class='ocr_line' id='line_1_49' title="bbox 1220 2795 2021 2876; baseline 0 -10"><span class='ocrx_word' id='word_1_303' title='bbox 1220 2795 1312 2866; x_wconf 85' lang='lat' dir='ltr'><strong>hlon.</strong></span> <span class='ocrx_word' id='word_1_304' title='bbox 1337 2796 1396 2876; x_wconf 86' lang='lat' dir='ltr'><strong>Xl,</strong></span> <span class='ocrx_word' id='word_1_305' title='bbox 1423 2796 1464 2867; x_wconf 88' lang='lat'><strong>3:</strong></span> <span class='ocrx_word' id='word_1_306' title='bbox 1497 2795 1533 2866; x_wconf 86' lang='lat' dir='ltr'><strong>Si</strong></span> <span class='ocrx_word' id='word_1_307' title='bbox 1556 2817 1611 2866; x_wconf 90' lang='lat' dir='ltr'><strong>res</strong></span> <span class='ocrx_word' id='word_1_308' title='bbox 1644 2806 1701 2868; x_wconf 89' lang='lat' dir='ltr'><strong>tua</strong></span> <span class='ocrx_word' id='word_1_309' title='bbox 1731 2798 1792 2867; x_wconf 91' lang='lat' dir='ltr'><strong>tibi</strong></span> <span class='ocrx_word' id='word_1_310' title='bbox 1819 2819 1893 2866; x_wconf 91' lang='lat' dir='ltr'><strong>non</strong></span> <span class='ocrx_word' id='word_1_311' title='bbox 1925 2795 2021 2868; x_wconf 87' lang='lat' dir='ltr'><strong>sulfi-</strong></span> 
     </span>
     <span class='ocr_line' id='line_1_50' title="bbox 1174 2917 1304 2988; baseline 0.008 -1"><span class='ocrx_word' id='word_1_312' title='bbox 1174 2917 1219 2987; x_wconf 93' lang='lat' dir='ltr'><strong>cit</strong></span> <span class='ocrx_word' id='word_1_313' title='bbox 1243 2927 1304 2988; x_wconf 86' lang='lat' dir='ltr'><strong>etc.</strong></span> 
     </span>
    </p>
   </div>
   <div class='ocr_carea' id='block_1_7' title="bbox 1166 3165 2020 5240">
    <p class='ocr_par' dir='ltr' id='par_1_11' title="bbox 1167 3165 2020 4251">
     <span class='ocr_line' id='line_1_51' title="bbox 1219 3165 2020 3259; baseline 0 -23"><span class='ocrx_word' id='word_1_314' title='bbox 1219 3165 1261 3236; x_wconf 89' lang='lat' dir='ltr'><strong>V.</strong></span> <span class='ocrx_word' id='word_1_315' title='bbox 1286 3165 1371 3237; x_wconf 87' lang='lat' dir='ltr'><strong>Dell.</strong></span> <span class='ocrx_word' id='word_1_316' title='bbox 1397 3189 1446 3259; x_wconf 87' lang='lat' dir='ltr'><strong>sp.</strong></span> <span class='ocrx_word' id='word_1_317' title='bbox 1473 3185 1519 3236; x_wconf 91' lang='lat' dir='ltr'><strong>m.</strong></span> <span class='ocrx_word' id='word_1_318' title='bbox 1545 3167 1603 3238; x_wconf 85' lang='grc' dir='ltr'><strong>ΙΙΙ.</strong></span> <span class='ocrx_word' id='word_1_319' title='bbox 1630 3169 1665 3252; x_wconf 79' lang='grc'><strong>7,</strong></span> <span class='ocrx_word' id='word_1_320' title='bbox 1692 3169 1731 3238; x_wconf 80' lang='lat'><strong>2:</strong></span> <span class='ocrx_word' id='word_1_321' title='bbox 1766 3167 1819 3240; x_wconf 80' lang='lat' dir='ltr'><strong>Ad</strong></span> <span class='ocrx_word' id='word_1_322' title='bbox 1844 3166 1909 3238; x_wconf 98' lang='lat' dir='ltr'><strong>boc</strong></span> <span class='ocrx_word' id='word_1_323' title='bbox 1942 3165 2020 3238; x_wconf 89' lang='lat' dir='ltr'><strong>facit</strong></span> 
     </span>
     <span class='ocr_line' id='line_1_52' title="bbox 1172 3289 2019 3386; baseline 0.002 -26"><span class='ocrx_word' id='word_1_324' title='bbox 1172 3291 1363 3383; x_wconf 83' lang='lat' dir='ltr'><strong>exemplum</strong></span> <span class='ocrx_word' id='word_1_325' title='bbox 1396 3291 1556 3383; x_wconf 86' lang='lat' dir='ltr'><strong>Diogenis</strong></span> <span class='ocrx_word' id='word_1_326' title='bbox 1591 3289 1792 3386; x_wconf 90' lang='lat' dir='ltr'><strong>philosophi.</strong></span> <span class='ocrx_word' id='word_1_327' title='bbox 1844 3291 1912 3376; x_wconf 88' lang='lat' dir='ltr'><strong>Qui</strong></span> <span class='ocrx_word' id='word_1_328' title='bbox 1943 3312 2019 3362; x_wconf 91' lang='lat' dir='ltr'><strong>cum</strong></span> 
     </span>
     <span class='ocr_line' id='line_1_53' title="bbox 1171 3414 2019 3509; baseline 0.001 -26"><span class='ocrx_word' id='word_1_329' title='bbox 1171 3415 1207 3484; x_wconf 92' lang='lat' dir='ltr'><strong>in</strong></span> <span class='ocrx_word' id='word_1_330' title='bbox 1232 3414 1287 3487; x_wconf 84' lang='lat' dir='ltr'><strong>via</strong></span> <span class='ocrx_word' id='word_1_331' title='bbox 1311 3422 1457 3509; x_wconf 89' lang='lat' dir='ltr'><strong>portaret</strong></span> <span class='ocrx_word' id='word_1_332' title='bbox 1481 3414 1659 3509; x_wconf 91' lang='lat' dir='ltr'><strong>pecuniam</strong></span> <span class='ocrx_word' id='word_1_333' title='bbox 1677 3426 1710 3486; x_wconf 88' lang='lat' dir='ltr'><strong>et</strong></span> <span class='ocrx_word' id='word_1_334' title='bbox 1726 3439 1800 3488; x_wconf 88' lang='lat' dir='ltr'><strong>eam</strong></span> <span class='ocrx_word' id='word_1_335' title='bbox 1825 3415 2019 3509; x_wconf 87' lang='lat' dir='ltr'><strong>supposuis-</strong></span> 
     </span>
     <span class='ocr_line' id='line_1_54' title="bbox 1170 3538 2019 3632; baseline 0.001 -23"><span class='ocrx_word' id='word_1_336' title='bbox 1170 3547 1220 3610; x_wconf 92' lang='lat' dir='ltr'><strong>set</strong></span> <span class='ocrx_word' id='word_1_337' title='bbox 1244 3539 1344 3632; x_wconf 89' lang='lat' dir='ltr'><strong>cnpiti</strong></span> <span class='ocrx_word' id='word_1_338' title='bbox 1369 3561 1441 3622; x_wconf 91' lang='lat' dir='ltr'><strong>suo,</strong></span> <span class='ocrx_word' id='word_1_339' title='bbox 1475 3548 1512 3610; x_wconf 90' lang='lat' dir='ltr'><strong>ut</strong></span> <span class='ocrx_word' id='word_1_340' title='bbox 1536 3538 1706 3621; x_wconf 89' lang='lat' dir='ltr'><strong>dormiret,</strong></span> <span class='ocrx_word' id='word_1_341' title='bbox 1740 3539 1879 3611; x_wconf 88' lang='lat' dir='ltr'><strong>advertit</strong></span> <span class='ocrx_word' id='word_1_342' title='bbox 1909 3539 2019 3610; x_wconf 88' lang='lat' dir='ltr'><strong>furem</strong></span> 
     </span>
     <span class='ocr_line' id='line_1_55' title="bbox 1170 3659 2015 3756; baseline -0.001 -24"><span class='ocrx_word' id='word_1_343' title='bbox 1170 3659 1363 3744; x_wconf 89' lang='lat' dir='ltr'><strong>sollicitum,</strong></span> <span class='ocrx_word' id='word_1_344' title='bbox 1397 3660 1489 3756; x_wconf 93' lang='lat' dir='ltr'><strong>quod</strong></span> <span class='ocrx_word' id='word_1_345' title='bbox 1524 3683 1597 3733; x_wconf 86' lang='lat' dir='ltr'><strong>cem</strong></span> <span class='ocrx_word' id='word_1_346' title='bbox 1631 3661 1798 3732; x_wconf 89' lang='lat' dir='ltr'><strong>furaretur</strong></span> <span class='ocrx_word' id='word_1_347' title='bbox 1828 3659 2015 3754; x_wconf 80' lang='lat' dir='ltr'><strong>dormienti.</strong></span> 
     </span>
     <span class='ocr_line' id='line_1_56' title="bbox 1170 3785 2016 3880; baseline 0.001 -22"><span class='ocrx_word' id='word_1_348' title='bbox 1170 3787 1255 3858; x_wconf 81' lang='lat' dir='ltr'><strong>Cum</strong></span> <span class='ocrx_word' id='word_1_349' title='bbox 1280 3795 1390 3856; x_wconf 89' lang='lat' dir='ltr'><strong>autem</strong></span> <span class='ocrx_word' id='word_1_350' title='bbox 1415 3787 1485 3880; x_wconf 88' lang='lat' dir='ltr'><strong>ipse</strong></span> <span class='ocrx_word' id='word_1_351' title='bbox 1511 3809 1593 3878; x_wconf 84' lang='lat' dir='ltr'><strong>prae</strong></span> <span class='ocrx_word' id='word_1_352' title='bbox 1617 3785 1839 3857; x_wconf 86' lang='lat' dir='ltr'><strong>sollicitudine</strong></span> <span class='ocrx_word' id='word_1_353' title='bbox 1864 3809 2016 3859; x_wconf 90' lang='lat' dir='ltr'><strong>somnum</strong></span> 
     </span>
     <span class='ocr_line' id='line_1_57' title="bbox 1169 3909 2015 4004; baseline 0 -24"><span class='ocrx_word' id='word_1_354' title='bbox 1169 3909 1346 3995; x_wconf 89' lang='lat' dir='ltr'><strong>amisisset,</strong></span> <span class='ocrx_word' id='word_1_355' title='bbox 1385 3909 1491 3980; x_wconf 88' lang='lat' dir='ltr'><strong>sciens</strong></span> <span class='ocrx_word' id='word_1_356' title='bbox 1533 3911 1856 4004; x_wconf 82' lang='lat' dir='ltr'><strong>appropinquantem</strong></span> <span class='ocrx_word' id='word_1_357' title='bbox 1897 3912 2015 3996; x_wconf 89' lang='lat' dir='ltr'><strong>furem,</strong></span> 
     </span>
     <span class='ocr_line' id='line_1_58' title="bbox 1168 4034 2014 4128; baseline 0.002 -24"><span class='ocrx_word' id='word_1_358' title='bbox 1168 4034 1307 4128; x_wconf 89' lang='lat' dir='ltr'><strong>proiecit</strong></span> <span class='ocrx_word' id='word_1_359' title='bbox 1332 4035 1364 4105; x_wconf 87' lang='lat' dir='ltr'><strong>ei</strong></span> <span class='ocrx_word' id='word_1_360' title='bbox 1388 4034 1566 4128; x_wconf 87' lang='lat' dir='ltr'><strong>pecuniam</strong></span> <span class='ocrx_word' id='word_1_361' title='bbox 1595 4035 1727 4106; x_wconf 87' lang='lat' dir='ltr'><strong>dicens:</strong></span> <span class='ocrx_word' id='word_1_362' title='bbox 1761 4037 1867 4120; x_wconf 87' lang='lat' dir='ltr'><strong>Tolle,</strong></span> <span class='ocrx_word' id='word_1_363' title='bbox 1902 4036 2014 4122; x_wconf 90' lang='lat' dir='ltr'><strong>miser,</strong></span> 
     </span>
     <span class='ocr_line' id='line_1_59' title="bbox 1167 4157 1845 4251; baseline 0.003 -24"><span class='ocrx_word' id='word_1_364' title='bbox 1167 4158 1347 4251; x_wconf 88' lang='lat' dir='ltr'><strong>pecuniam</strong></span> <span class='ocrx_word' id='word_1_365' title='bbox 1373 4166 1407 4227; x_wconf 87' lang='lat' dir='ltr'><strong>et</strong></span> <span class='ocrx_word' id='word_1_366' title='bbox 1430 4157 1583 4251; x_wconf 91' lang='lat' dir='ltr'><strong>permitte</strong></span> <span class='ocrx_word' id='word_1_367' title='bbox 1609 4179 1663 4227; x_wconf 92' lang='lat' dir='ltr'><strong>me</strong></span> <span class='ocrx_word' id='word_1_368' title='bbox 1689 4157 1845 4229; x_wconf 88' lang='lat' dir='ltr'><strong>dormire.</strong></span> 
     </span>
    </p>

    <p class='ocr_par' dir='ltr' id='par_1_12' title="bbox 1166 4279 2014 4745">
     <span class='ocr_line' id='line_1_60' title="bbox 1216 4279 2014 4377; baseline 0.003 -26"><span class='ocrx_word' id='word_1_369' title='bbox 1216 4281 1316 4352; x_wconf 88' lang='lat' dir='ltr'><strong>Lind.</strong></span> <span class='ocrx_word' id='word_1_370' title='bbox 1339 4283 1371 4351; x_wconf 94' lang='lat' dir='ltr'><strong>l.</strong></span> <span class='ocrx_word' id='word_1_371' title='bbox 1406 4283 1492 4354; x_wconf 88' lang='lat' dir='ltr'><strong>Cum</strong></span> <span class='ocrx_word' id='word_1_372' title='bbox 1517 4279 1654 4373; x_wconf 88' lang='lat' dir='ltr'><strong>quidam</strong></span> <span class='ocrx_word' id='word_1_373' title='bbox 1679 4281 1733 4351; x_wconf 90' lang='lat' dir='ltr'><strong>fur</strong></span> <span class='ocrx_word' id='word_1_374' title='bbox 1757 4293 1853 4353; x_wconf 91' lang='lat' dir='ltr'><strong>nocte</strong></span> <span class='ocrx_word' id='word_1_375' title='bbox 1870 4284 2014 4377; x_wconf 84' lang='lat' dir='ltr'><strong>Diogeni</strong></span> 
     </span>
     <span class='ocr_line' id='line_1_61' title="bbox 1167 4405 2014 4498; baseline 0.001 -22"><span class='ocrx_word' id='word_1_376' title='bbox 1167 4405 1209 4476; x_wconf 91' lang='lat' dir='ltr'><strong>de</strong></span> <span class='ocrx_word' id='word_1_377' title='bbox 1235 4405 1342 4498; x_wconf 86' lang='lat' dir='ltr'><strong>capite</strong></span> <span class='ocrx_word' id='word_1_378' title='bbox 1368 4405 1545 4498; x_wconf 90' lang='lat' dir='ltr'><strong>pecuniam</strong></span> <span class='ocrx_word' id='word_1_379' title='bbox 1576 4405 1708 4476; x_wconf 89' lang='lat' dir='ltr'><strong>auferre</strong></span> <span class='ocrx_word' id='word_1_380' title='bbox 1734 4419 1920 4492; x_wconf 86' lang='lat' dir='ltr'><strong>conaretur,</strong></span> <span class='ocrx_word' id='word_1_381' title='bbox 1955 4409 2014 4478; x_wconf 92' lang='lat' dir='ltr'><strong>ille</strong></span> 
     </span>
     <span class='ocr_line' id='line_1_62' title="bbox 1166 4529 2014 4624; baseline 0.002 -26"><span class='ocrx_word' id='word_1_382' title='bbox 1166 4529 1310 4600; x_wconf 88' lang='lat' dir='ltr'><strong>sentiens</strong></span> <span class='ocrx_word' id='word_1_383' title='bbox 1324 4531 1386 4600; x_wconf 83' lang='lat' dir='ltr'><strong>ait:</strong></span> <span class='ocrx_word' id='word_1_384' title='bbox 1405 4529 1511 4614; x_wconf 85' lang='lat' dir='ltr'><strong>Tolle,</strong></span> <span class='ocrx_word' id='word_1_385' title='bbox 1530 4529 1658 4615; x_wconf 82' lang='lat' dir='ltr'><strong>infelix,</strong></span> <span class='ocrx_word' id='word_1_386' title='bbox 1673 4540 1706 4600; x_wconf 88' lang='grc' dir='ltr'><strong>ιι</strong></span> <span class='ocrx_word' id='word_1_387' title='bbox 1718 4531 1869 4624; x_wconf 89' lang='lat' dir='ltr'><strong>permitte</strong></span> <span class='ocrx_word' id='word_1_388' title='bbox 1882 4543 2014 4603; x_wconf 89' lang='lat' dir='ltr'><strong>utrum·</strong></span> 
     </span>
     <span class='ocr_line' id='line_1_63' title="bbox 1167 4653 1415 4745; baseline 0 -22"><span class='ocrx_word' id='word_1_389' title='bbox 1167 4674 1233 4745; x_wconf 89' lang='lat' dir='ltr'><strong>que</strong></span> <span class='ocrx_word' id='word_1_390' title='bbox 1259 4653 1415 4723; x_wconf 89' lang='lat' dir='ltr'><strong>dormire.</strong></span> 
     </span>
    </p>

    <p class='ocr_par' dir='ltr' id='par_1_13' title="bbox 1166 4777 2012 5240">
     <span class='ocr_line' id='line_1_64' title="bbox 1216 4777 2012 4873; baseline 0 -23"><span class='ocrx_word' id='word_1_391' title='bbox 1216 4779 1276 4850; x_wconf 85' lang='lat' dir='ltr'><strong>W.</strong></span> <span class='ocrx_word' id='word_1_392' title='bbox 1301 4777 1394 4849; x_wconf 89' lang='lat' dir='ltr'><strong>Burl.</strong></span> <span class='ocrx_word' id='word_1_393' title='bbox 1421 4777 1521 4870; x_wconf 83' lang='lat' dir='ltr'><strong>Diog.</strong></span> <span class='ocrx_word' id='word_1_394' title='bbox 1566 4777 1652 4850; x_wconf 86' lang='lat' dir='ltr'><strong>Cum</strong></span> <span class='ocrx_word' id='word_1_395' title='bbox 1677 4779 1728 4849; x_wconf 90' lang='lat' dir='ltr'><strong>illi</strong></span> <span class='ocrx_word' id='word_1_396' title='bbox 1753 4779 1794 4850; x_wconf 95' lang='lat' dir='ltr'><strong>de</strong></span> <span class='ocrx_word' id='word_1_397' title='bbox 1819 4803 1879 4852; x_wconf 90' lang='lat' dir='ltr'><strong>suo</strong></span> <span class='ocrx_word' id='word_1_398' title='bbox 1904 4780 2012 4873; x_wconf 90' lang='lat' dir='ltr'><strong>capite</strong></span> 
     </span>
     <span class='ocr_line' id='line_1_65' title="bbox 1166 4900 2011 4972; baseline 0.005 -4"><span class='ocrx_word' id='word_1_399' title='bbox 1166 4908 1262 4971; x_wconf 91' lang='lat' dir='ltr'><strong>nocte</strong></span> <span class='ocrx_word' id='word_1_400' title='bbox 1286 4900 1342 4969; x_wconf 91' lang='lat' dir='ltr'><strong>fur</strong></span> <span class='ocrx_word' id='word_1_401' title='bbox 1366 4901 1534 4971; x_wconf 84' lang='lat' dir='ltr'><strong>sacculum</strong></span> <span class='ocrx_word' id='word_1_402' title='bbox 1552 4923 1628 4972; x_wconf 90' lang='lat' dir='ltr'><strong>cum</strong></span> <span class='ocrx_word' id='word_1_403' title='bbox 1648 4902 1794 4971; x_wconf 87' lang='lat' dir='ltr'><strong>nummis</strong></span> <span class='ocrx_word' id='word_1_404' title='bbox 1818 4901 2011 4972; x_wconf 90' lang='lat' dir='ltr'><strong>subtrahere</strong></span> 
     </span>
     <span class='ocr_line' id='line_1_66' title="bbox 1167 5021 2012 5116; baseline 0.002 -24"><span class='ocrx_word' id='word_1_405' title='bbox 1167 5033 1353 5106; x_wconf 88' lang='lat' dir='ltr'><strong>conaretur,</strong></span> <span class='ocrx_word' id='word_1_406' title='bbox 1377 5033 1409 5092; x_wconf 89' lang='lat' dir='ltr'><strong>et</strong></span> <span class='ocrx_word' id='word_1_407' title='bbox 1426 5023 1483 5094; x_wconf 91' lang='lat' dir='ltr'><strong>ille</strong></span> <span class='ocrx_word' id='word_1_408' title='bbox 1500 5021 1648 5104; x_wconf 88' lang='lat' dir='ltr'><strong>sentiret,</strong></span> <span class='ocrx_word' id='word_1_409' title='bbox 1667 5031 1854 5116; x_wconf 88' lang='lat' dir='ltr'><strong>contemptu</strong></span> <span class='ocrx_word' id='word_1_410' title='bbox 1870 5023 2012 5116; x_wconf 84' lang='lat' dir='ltr'><strong>pecnnia</strong></span> 
     </span>
     <span class='ocr_line' id='line_1_67' title="bbox 1167 5147 2010 5240; baseline 0.002 -25"><span class='ocrx_word' id='word_1_411' title='bbox 1167 5147 1229 5216; x_wconf 87' lang='lat' dir='ltr'><strong>ait:</strong></span> <span class='ocrx_word' id='word_1_412' title='bbox 1255 5147 1360 5231; x_wconf 85' lang='lat' dir='ltr'><strong>Tolle,</strong></span> <span class='ocrx_word' id='word_1_413' title='bbox 1379 5147 1508 5232; x_wconf 83' lang='lat' dir='ltr'><strong>infelix,</strong></span> <span class='ocrx_word' id='word_1_414' title='bbox 1526 5147 1618 5230; x_wconf 92' lang='lat' dir='ltr'><strong>tolle,</strong></span> <span class='ocrx_word' id='word_1_415' title='bbox 1639 5155 1676 5216; x_wconf 94' lang='lat' dir='ltr'><strong>ut</strong></span> <span class='ocrx_word' id='word_1_416' title='bbox 1692 5155 1831 5240; x_wconf 88' lang='lat' dir='ltr'><strong>uterque</strong></span> <span class='ocrx_word' id='word_1_417' title='bbox 1857 5147 2010 5218; x_wconf 86' lang='lat' dir='ltr'><strong>dormiat.</strong></span> 
     </span>
    </p>
   </div>
   <div class='ocr_carea' id='block_1_8' title="bbox 225 5267 2011 5487">
    <p class='ocr_par' dir='ltr' id='par_1_14' title="bbox 225 5267 2011 5487">
     <span class='ocr_line' id='line_1_68' title="bbox 320 5267 2011 5364; baseline 0.002 -27"><span class='ocrx_word' id='word_1_418' title='bbox 320 5269 383 5350; x_wconf 86' lang='lat' dir='ltr'><strong>Eu,</strong></span> <span class='ocrx_word' id='word_1_419' title='bbox 417 5277 576 5360; x_wconf 89' lang='lat' dir='ltr'><strong>quantum</strong></span> <span class='ocrx_word' id='word_1_420' title='bbox 610 5267 693 5337; x_wconf 89' lang='lat' dir='ltr'><strong>haec</strong></span> <span class='ocrx_word' id='word_1_421' title='bbox 725 5267 810 5338; x_wconf 92' lang='lat' dir='ltr'><strong>inter</strong></span> <span class='ocrx_word' id='word_1_422' title='bbox 841 5291 877 5338; x_wconf 90' lang='lat' dir='ltr'><strong>sc</strong></span> <span class='ocrx_word' id='word_1_423' title='bbox 909 5269 1078 5340; x_wconf 82' lang='lat' dir='ltr'><strong>differunt!</strong></span> <span class='ocrx_word' id='word_1_424' title='bbox 1123 5269 1287 5341; x_wconf 89' lang='lat' dir='ltr'><strong>Videlicet</strong></span> <span class='ocrx_word' id='word_1_425' title='bbox 1311 5269 1346 5339; x_wconf 92' lang='lat' dir='ltr'><strong>in</strong></span> <span class='ocrx_word' id='word_1_426' title='bbox 1373 5270 1493 5341; x_wconf 87' lang='lat' dir='ltr'><strong>talibus</strong></span> <span class='ocrx_word' id='word_1_427' title='bbox 1524 5269 1781 5342; x_wconf 87' lang='lat' dir='ltr'><strong>narratiunculis</strong></span> <span class='ocrx_word' id='word_1_428' title='bbox 1815 5270 2011 5364; x_wconf 88' lang='lat' dir='ltr'><strong>fabellisque</strong></span> 
     </span>
     <span class='ocr_line' id='line_1_69' title="bbox 225 5388 2011 5487; baseline 0.005 -29"><span class='ocrx_word' id='word_1_429' title='bbox 225 5388 343 5482; x_wconf 88' lang='lat' dir='ltr'><strong>lepidis</strong></span> <span class='ocrx_word' id='word_1_430' title='bbox 369 5401 479 5460; x_wconf 87' lang='lat' dir='ltr'><strong>vastus</strong></span> <span class='ocrx_word' id='word_1_431' title='bbox 504 5388 642 5461; x_wconf 89' lang='lat' dir='ltr'><strong>librario</strong></span> <span class='ocrx_word' id='word_1_432' title='bbox 669 5427 712 5440; x_wconf 92' lang='lat'>—</span> <span class='ocrx_word' id='word_1_433' title='bbox 740 5391 892 5462; x_wconf 88' lang='lat' dir='ltr'><strong>simodo</strong></span> <span class='ocrx_word' id='word_1_434' title='bbox 918 5392 1047 5463; x_wconf 90' lang='lat' dir='ltr'><strong>librarii</strong></span> <span class='ocrx_word' id='word_1_435' title='bbox 1072 5390 1204 5462; x_wconf 91' lang='lat' dir='ltr'><strong>dicendi</strong></span> <span class='ocrx_word' id='word_1_436' title='bbox 1229 5401 1315 5478; x_wconf 88' lang='lat' dir='ltr'><strong>sunt,</strong></span> <span class='ocrx_word' id='word_1_437' title='bbox 1350 5393 1408 5487; x_wconf 92' lang='lat' dir='ltr'><strong>qui</strong></span> <span class='ocrx_word' id='word_1_438' title='bbox 1433 5393 1616 5466; x_wconf 89' lang='lat' dir='ltr'><strong>orationem</strong></span> <span class='ocrx_word' id='word_1_439' title='bbox 1642 5394 1684 5465; x_wconf 87' lang='lat' dir='ltr'><strong>ad</strong></span> <span class='ocrx_word' id='word_1_440' title='bbox 1708 5391 1880 5464; x_wconf 90' lang='lat' dir='ltr'><strong>libidinem</strong></span> <span class='ocrx_word' id='word_1_441' title='bbox 1915 5417 2011 5467; x_wconf 84' lang='lat' dir='ltr'><strong>suam</strong></span> 
     </span>
    </p>
   </div>
   <div class='ocr_carea' id='block_1_9' title="bbox 0 0 2496 6280">
    <p class='ocr_par' dir='ltr' id='par_1_15' title="bbox 0 0 2496 6280">
     <span class='ocr_line' id='line_1_70' title="bbox 0 0 2496 6280; baseline 0 0"><span class='ocrx_word' id='word_1_442' title='bbox 0 0 2496 6280; x_wconf 95' lang='lat' dir='ltr'><strong> </strong></span> 
     </span>
    </p>
   </div>
  </div>
 </body>
</html>
