4982 6280
1252 610 1495 679 ...74-

469 816 607 879 stratum
631 807 683 877 sit.
735 807 803 877 Cir.
830 829 929 901 supra
960 829 1039 900 pag.
1066 809 1100 876 2.
1151 807 1298 877 Primum
1334 807 1436 900 igitur
1469 809 1543 893 erit,
1575 819 1622 891 ut,
1658 817 1832 902 postquam
1868 807 1931 901 ipsi
1965 829 2026 901 pro
2052 807 2142 880 virili
2174 819 2267 901 parte

469 933 654 1026 fragmenta
678 931 737 1002 illa
764 932 971 1023 collegimus,
1006 953 1092 1024 quae
1117 931 1234 1001 relicta
1268 931 1310 1000 sit
1334 953 1408 1024 spes
1434 954 1552 1002 eorum
1585 931 1872 1010 emundandorum
1899 941 1931 1001 et
1956 932 2187 1023 augendorum
2212 933 2268 1003 in-

469 1060 652 1154 quiramus.
697 1058 760 1128 Sed
787 1057 816 1126 si
843 1077 999 1151 umquam
1026 1056 1288 1149 confugiendum
1315 1057 1431 1128 estad
1457 1079 1572 1130 vocem
1600 1057 1692 1128 illam
1718 1080 1738 1127 a
1765 1057 1886 1128 criticis
1912 1057 2111 1150 quibusdam
2134 1058 2267 1151 saepius

468 1194 672 1276 usurpatam,
699 1181 937 1274 ,Exspectandi
962 1190 1038 1250 sunt
1063 1180 1220 1250 meliores
1244 1178 1348 1262 libri',
1380 1189 1450 1250 tum
1481 1179 1577 1251 nobis
1609 1179 1718 1250 omnis
1752 1201 1826 1272 spes
1858 1179 1894 1250 in
1920 1179 2112 1250 Britanniae
2146 1181 2270 1252 biblio-

468 1307 573 1378 thecis
598 1306 754 1400 ponenda
779 1316 837 1388 est,
863 1304 1022 1396 quoniam
1047 1314 1079 1373 et
1104 1304 1130 1373 Ι.
1149 1303 1411 1374 Saresberiensis
1436 1304 1685 1398 antiquissimus
1713 1313 1773 1387 est,
1800 1304 1859 1398 qui
1884 1303 2025 1375 Caecilii
2051 1327 2173 1375 nomen
2189 1329 2270 1399 pro-

469 1431 535 1514 dat,
562 1443 594 1501 et
618 1431 677 1504 W.
704 1429 868 1510 Durleius,
895 1429 974 1498 item
999 1428 1137 1497 natione
1163 1428 1304 1519 Anglus,
1331 1420 1370 1518 (†
1388 1451 1476 1498 anno
1500 1423 1606 1518 1337)
1633 1429 1763 1520 integro
1788 1427 1926 1498 Caecilii
1951 1427 2066 1498 codice
2091 1451 2171 1499 usus
2197 1451 2269 1498 esse

469 1555 614 1628 videtur:
642 1576 845 1648 quamquam
872 1575 928 1623 cos
953 1552 1105 1622 inutilem
1131 1573 1268 1644 operam
1304 1561 1513 1645 suscepturos
1538 1573 1610 1622 esse
1636 1574 1704 1621 non
1730 1551 1885 1633 dixerim,
1920 1551 1979 1644 qui
2013 1551 2056 1622 ad
2087 1549 2269 1623 bibliotbe-

469 1701 583 1750 carum
609 1677 812 1779 Gallicarum
839 1687 870 1746 et
896 1675 1168 1746 Germanicarum
1195 1673 1335 1766 angulos
1359 1675 1614 1767 perscrutandos
1647 1685 1679 1744 et
1708 1673 1946 1768 perreptandos
1976 1697 2047 1745 sese
2080 1676 2266 1766 accingant.

566 1805 720 1875 Alterum
739 1811 798 1884 est,
821 1810 867 1880 ut,
886 1822 962 1870 cum
980 1800 1083 1870 multa
1105 1797 1243 1869 Caecilii
1260 1799 1445 1892 fragmenta
1461 1823 1529 1871 non
1547 1801 1582 1870 io
1608 1824 1676 1871 uno
1693 1810 1821 1872 tantum
1839 1801 1966 1884 codiee,
1984 1801 2043 1870 sed
2065 1801 2100 1870 in
2117 1801 2267 1894 pluribus

468 1929 569 2000 simul
594 1939 724 1999 serrata
748 1927 824 2006 siut,
851 1926 891 1997 de
918 1924 1110 1994 auctoritate
1136 1923 1289 1994 codicum
1306 1923 1509 1994 disseramus
1533 1935 1576 2008 et,
1602 1925 1737 1995 cuinam
1762 1925 1910 1996 maxima
1925 1923 2009 1994 tides
2033 1923 2187 1995 habenda
2213 1925 2265 2006 sit,

469 2053 687 2148 inquiramus.
726 2053 769 2122 Et
794 2061 891 2120 erunt
917 2049 1064 2129 tortasse,
1091 2047 1148 2139 qui
1165 2050 1224 2122 W.
1251 2046 1464 2117 Durleium
1489 2070 1571 2140 prae
1598 2049 1715 2119 ceteris
1733 2047 1941 2142 sequendum
1966 2071 2038 2118 esse
2064 2049 2266 2132 existiment,

469 2177 592 2272 quippe
618 2177 672 2248 cui
697 2175 857 2269 pleraque
883 2174 1022 2245 Caecilii
1046 2173 1233 2264 fragmenta
1257 2171 1456 2252 debeamus:
1492 2172 1563 2253 alii,
1593 2173 1652 2267 qui
1676 2175 1913 2244 Monacensem
1945 2172 2095 2243 codicem
2120 2172 2268 2266 primum

468 2301 532 2373 sibi
557 2303 667 2373 locum
698 2299 867 2370 vindicare
900 2297 1114 2376 arbitrentur:
1148 2294 1217 2378 alii,
1250 2297 1308 2388 qui
1340 2296 1436 2367 aliter
1469 2295 1626 2368 iudicent.
1678 2299 1744 2368 Sed
1759 2300 1828 2388 uw.
1856 2299 1894 2368 B.
1919 2298 2044 2370 mirum
2071 2309 2130 2381 est,
2166 2320 2266 2391 quam

467 2449 585 2520 parom
613 2448 713 2496 curae
739 2421 941 2516 impenderit
973 2419 1135 2514 opusculo
1160 2441 1220 2489 suo
1247 2431 1280 2490 et
1313 2442 1413 2512 quam
1439 2433 1640 2514 properante
1674 2422 1771 2492 oculo
1802 2443 1859 2492 eos
1892 2422 2072 2515 perlegerit
2103 2430 2265 2505 auctores,

468 2573 511 2620 ex
545 2548 668 2644 quibus
699 2546 823 2620 librum
857 2546 954 2616 illum
989 2545 1031 2616 de
1055 2545 1123 2616 vita
1154 2553 1188 2613 et
1220 2543 1367 2614 moribus
1398 2544 1678 2638 pbilosophorum
1712 2545 1964 2617 consarcinavit.
2014 2545 2266 2618 Meminerimus

468 2675 568 2746 modo
595 2674 697 2746 Gellii
721 2673 811 2743 illius
836 2671 906 2743 sire
931 2671 1041 2764 potius
1067 2667 1301 2760 Pseudogellii,
1338 2667 1470 2761 dequo
1498 2667 1615 2761 paucis
1642 2670 1756 2738 monui
1781 2690 1881 2762 supra
1912 2691 1990 2762 pag.
2017 2667 2064 2738 53
2092 2669 2134 2740 ad
2158 2668 2200 2739 V.
2226 2669 2264 2738 B.

468 2823 516 2893 sp.
545 2799 579 2869 h.
607 2799 641 2882 3,
669 2799 717 2868 67
743 2805 776 2867 et
799 2819 877 2888 pag.
904 2797 953 2866 60
979 2793 1065 2864 med.
1092 2791 1220 2864 Eodem
1245 2793 1423 2884 pertinent,
1458 2814 1545 2885 quae
1574 2793 1704 2886 scripsit
1728 2793 1763 2862 in
1788 2793 1959 2883 Diogene:
1994 2791 2085 2874 ,Alia
2111 2793 2196 2876 vice,
2231 2800 2267 2862 ut

467 2925 581 2997 scribit
606 2926 733 2995 Seneca
759 2922 896 3003 ibidem,
932 2921 1011 2992 dum
1045 2926 1159 3010 ageret
1192 2941 1339 3000 causam,
1372 2917 1532 2988 Lentulus
1565 2915 1703 3008 quidam
1735 2925 1871 2986 attracta
1903 2915 2023 3008 pingui
2056 2915 2161 2986 salira
2194 2915 2265 2986 eius

467 3049 588 3120 faciem
615 3047 765 3142 aspersit.
818 3045 880 3116 Cui
905 3043 1075 3136 Diogenes
1101 3043 1213 3135 quieta
1237 3051 1348 3112 mente
1373 3040 1481 3111 dixita·
1499 3040 1696 3122 Affirmabo,
1723 3040 1842 3133 inquit,
1872 3040 2040 3122 omnibus,
2065 3063 2086 3110 o
2111 3039 2283 3120 Lentule,-

467 3173 540 3243 lalli
565 3195 691 3254 omnes,
718 3171 777 3264 qui
801 3179 926 3260 negant
951 3177 983 3238 te
1008 3189 1044 3238 os
1070 3166 1218 3237 habere:
1267 3165 1491 3257 Deponendue
1517 3165 1608 3235 enim
1639 3163 1702 3234 erit
1728 3165 1804 3234 Coto
1829 3186 1890 3256 pro
1915 3163 2058 3255 Dioqeoe
2083 3163 2160 3233 coll.
2187 3163 2264 3232 Seu.

468 3297 510 3369 de
535 3298 587 3368 ira
612 3297 646 3380 3,
674 3293 738 3376 383
765 3291 926 3385 Diogenis
950 3314 1032 3363 vero
1057 3311 1181 3360 nomeu
1207 3288 1274 3359 buc
1299 3288 1440 3382 irrepsit,
1467 3288 1556 3381 qood
1583 3289 1709 3358 Seneca
1734 3288 1771 3357 in
1805 3286 2080 3380 praecedentibus
2104 3285 2265 3378 Diogenis

468 3421 592 3492 lecerat
616 3411 858 3508 mentionem).
909 3417 1005 3487 llaec
1030 3414 1142 3484 nescio
1168 3435 1209 3482 an
1237 3412 1278 3483 ad
1304 3411 1379 3482 illas
1406 3411 1544 3482 Caecilii
1568 3411 1748 3481 sententias
1775 3410 1987 3482 illustrandas
2013 3409 2147 3493 saciant,
2178 3429 2264 3502 quae

467 3545 527 3617 alii
560 3543 688 3615 codices
723 3542 797 3612 aliis
829 3537 1035 3633 philosophis
1072 3538 1233 3619 tribuunt,
1268 3534 1444 3628 potiusque
1476 3535 1611 3604 allon.
1646 3545 1680 3604 et
1711 3534 1830 3604 Pariss.
1863 3555 1964 3626 quam
1998 3534 2101 3606 aW.
2127 3531 2264 3603 Burleio

467 3669 620 3740 standum
647 3689 718 3738 esse
743 3665 970 3758 comprobent.
1020 3663 1262 3755 llelinquamus
1292 3657 1395 3750 igitur
1420 3656 1586 3741 Ciceroni,
1621 3679 1708 3750 qnae
1738 3657 1830 3726 etin
1857 3657 2028 3767 Ciceronis
2060 3655 2263 3726 orationibus

467 3795 625 3884 leguntur
658 3800 691 3862 et
723 3791 852 3862 codices
884 3788 1024 3862 Parisini
1049 3780 1075 3878 §
1105 3787 1187 3857 l.2
1219 3784 1392 3858 Ciceronis
1424 3805 1496 3853 esse
1530 3783 1710 3866 affirmant;
1742 3783 1910 3853 mittamus
1939 3783 2127 3872 Diogenem
2158 3779 2262 3853 aW.

467 3919 603 3991 Burleio
629 3921 807 3988 invectum.
857 3919 944 3987 Nam
970 3915 1059 4010 quod
1085 3911 1152 3984 iam
1178 3913 1257 4005 ipsis
1284 3909 1487 4004 antiquitatis
1521 3907 1738 4000 scriptoribus
1772 3905 1904 3998 saepius
1938 3905 2098 3975 accidisse
2129 3903 2262 3987 scimus,

467 4053 506 4116 ut
530 4067 584 4112 cx.
611 4064 661 4135 gr.
688 4042 772 4113 illud
799 4053 903 4140 γνῶθι
923 4043 1059 4118 σεαυτόν
1082 4039 1219 4122 biantis,
1247 4037 1408 4120 Chilonis,
1436 4035 1578 4116 Solonis,
1606 4034 1740 4128 Libyos‚
1766 4033 1918 4128 Pytbiae,
1946 4009 2098 4113 Homeri,
2116 4029 2263 4101 'l'baletis

468 4188 539 4236 esse
565 4166 746 4237 scriberent
772 4164 834 4257 ipsi
859 4164 945 4233 inter
970 4185 1005 4232 se
1031 4161 1271 4242 dissentientes,
1298 4152 1370 4248 (cir.
1389 4159 1616 4250 Paroemiogr.
1643 4180 1755 4250 graec.
1782 4158 1834 4227 ed.
1856 4157 2001 4250 Gotting.
2028 4164 2131 4226 mant.
2157 4147 2262 4247 prov.)

467 4290 502 4360 id
528 4289 570 4359 ad
596 4288 821 4360 excusandum
846 4286 1016 4359 Burleium
1043 4285 1174 4356 nullum
1199 4283 1301 4356 babet
1327 4285 1449 4364 locum,
1486 4305 1561 4353 cum
1589 4283 1773 4353 Caecilium
1800 4281 1954 4374 sibiipsi
1980 4303 2046 4351 non
2082 4277 2262 4350 constitisse

466 4435 648 4508 secumque
675 4414 782 4505 ipsum
807 4433 973 4505 pugnasse
998 4433 1018 4480 a
1044 4411 1181 4481 veritate
1207 4409 1355 4480 alienum
1383 4431 1454 4478 esse
1478 4407 1642 4478 videatur.
1682 4407 1753 4476 Nec
1769 4407 1925 4479 Waltero
1950 4403 2013 4474 bac
2038 4403 2073 4472 in
2098 4426 2135 4474 re
2161 4401 2262 4472 fidem

468 4537 681 4629 denegarem,
713 4536 777 4606 uisi
808 4533 981 4628 permultis
1007 4533 1092 4604 locis
1126 4556 1201 4604 cum
1228 4533 1336 4602 eidem
1362 4531 1433 4602 vitii
1468 4531 1585 4622 generi
1618 4531 1800 4601 obnoxium
1833 4528 1996 4598 viderem.
2047 4527 2139 4610 Quas
2172 4525 2261 4596 enim

467 4651 869 4750 Mon.111.§2.3.t
903 4657 1005 4728 babet
1027 4655 1166 4738 Biantis,
1199 4654 1356 4735 Platonis,
1394 4653 1524 4724 Solonis
1559 4654 1750 4737 sententias,
1777 4656 1836 4727 W.
1862 4652 2017 4723 Burleius
2052 4651 2096 4732 ei,
2129 4649 2188 4742 qui
2214 4659 2263 4718 est

468 4784 503 4853 in
529 4787 619 4856 blon.
647 4783 786 4866 medius,
815 4782 943 4853 Platoni
975 4783 1103 4864 tribuit;
1139 4805 1206 4875 qua
1238 4782 1272 4850 in
1298 4780 1519 4873 discrepantia
1553 4801 1630 4848 cum
1661 4799 1716 4847 res
1750 4776 1822 4868 ipsa
1854 4784 1977 4857 monet,
2012 4784 2046 4844 ut
2072 4772 2263 4845 Monacensi

549 5027 584 5104 'l
606 5033 788 5094 Rotraotare
808 5031 862 5092 bio
881 5031 983 5108 liceat,
1006 5045 1085 5106 quae
1106 5029 1139 5088 in
1160 5026 1390 5089 Schneidewini
1412 5027 1519 5104 philol.
1539 5025 1604 5086 vol·
1625 5023 1698 5084 Vlll
1716 5039 1787 5102 pag.
1809 5023 1870 5082 3814
1896 5021 1935 5081 de
1960 5021 2031 5081 loco
2058 5017 2189 5095 quodam
2208 5016 2261 5075 W.

467 5129 552 5192 Bnrl.
573 5131 738 5210 disputavi,
760 5147 827 5192 eam
849 5129 971 5207 quidem
992 5129 1024 5188 in
1045 5131 1173 5207 partem,
1195 5130 1229 5186 ut
1249 5127 1375 5186 nostros
1396 5124 1465 5185 Val.
1485 5123 1611 5184 Maximi
1633 5122 1758 5184 codices
1773 5119 1825 5181 tx.
1843 5121 1889 5194 12,
1906 5121 1968 5179 et
1990 5119 2167 5178 decurtatos
2190 5132 2261 5177 esse

467 5231 645 5288 statuerem.
686 5227 800 5288 Postea
830 5231 931 5288 tamon
961 5226 1111 5302 intellexi,
1133 5225 1186 5283 W.
1207 5225 1242 5285 B.
1265 5242 1321 5285 sua
1344 5241 1381 5283 ex
1397 5221 1484 5281 Vino.
1499 5220 1577 5280 Bell.
1600 5239 1645 5299 sp.
1667 5221 1696 5280 b.
1719 5223 1746 5297 3,
1763 5222 1803 5279 to
1824 5217 1976 5291 hausisse,
2000 5232 2098 5291 eoque
2120 5215 2191 5275 loco
2211 5213 2260 5272 le-

466 5326 550 5387 viter
572 5331 686 5387 tantum
708 5327 847 5405 inspecto
869 5325 996 5388 Valerio
1019 5323 1205 5399 vindicasse,
1230 5340 1309 5400 quae
1331 5322 1443 5401 partim
1467 5337 1507 5381 ex
1526 5318 1593 5380 Val.
1615 5317 1667 5378 IX.
1691 5319 1737 5396 12,
1761 5333 1786 5376 e.
1810 5315 1961 5414 spartim
1985 5331 2024 5374 ex
2045 5312 2151 5374 Solino
2172 5314 2201 5390 9,
2223 5311 2261 5370 tr

466 5422 626 5486 fluxerunt.
