4982 6280
408 801 559 893 angtrstia
584 800 673 870 lacit.
708 800 736 869 si
762 800 895 870 fortuna
920 820 995 868 mea
1019 809 1252 881 succresceret,
1344 797 1516 868 familiaris
1542 797 1705 889 angentia,
1733 807 1765 870 te
1791 799 1892 868 lastus
1918 798 2135 870 intolerabilis
2160 809 2193 868 et

409 926 524 996 fierem
549 926 687 996 fortasse
717 925 853 1006 melior:
890 947 930 994 ac
961 935 1013 1006 tn,
1049 947 1115 1016 quo
1145 924 1253 994 lortu-
1343 923 1553 1014 inexplebilis
1579 922 1718 992 avaritia
1743 924 1850 992 surem
1869 924 1958 993 lacit.
1998 924 2033 994 Si
2059 925 2192 994 lortnna

408 1049 532 1129 nacior,
558 1048 700 1140 nequior
717 1048 793 1118 eris.
820 1048 958 1118 miratus
974 1046 1155 1117 alexander
1172 1069 1254 1118 con·
1343 1055 1606 1129 mansuesceret,
1640 1047 1756 1116 fierem
1782 1048 1866 1116 forte
1894 1047 2025 1118 melior.
2076 1049 2120 1119 At
2145 1058 2192 1137 tu,

408 1172 569 1242 stauciam
606 1170 750 1241 bominis
792 1195 869 1241 eum
911 1171 1030 1240 merito
1071 1172 1252 1262 arguentis,
1344 1190 1411 1270 qqo
1445 1169 1658 1252 lortuuacior,
1693 1191 1734 1238 ιι
1759 1170 1901 1262 nequior
1926 1171 2004 1241 cris.
2055 1172 2192 1242 Miratus

408 1296 572 1389 experiar,
605 1295 726 1389 inquit,
758 1296 787 1365 si
812 1297 940 1367 tuturus
971 1298 1015 1365 sis
1040 1296 1159 1366 melior
1184 1296 1254 1366 lor·
1344 1293 1534 1363 Alexander
1559 1293 1784 1365 constanciam
1809 1293 1953 1364 bominis
1970 1318 2047 1365 eum
2072 1296 2191 1365 merito
2224 1311 2241 1363 a

407 1431 589 1514 tuuamque
614 1420 772 1504 mutabo:
805 1445 872 1492 uon
904 1422 935 1490 ei
965 1422 1130 1504 ammodo,
1164 1422 1255 1513 quod
1345 1419 1532 1507 arguentis,
1558 1418 1733 1511 Experiar,
1766 1419 1891 1511 inquit,
1925 1442 1968 1488 an
1994 1421 2123 1490 iuturus
2149 1419 2192 1489 sis

410 1544 591 1637 delinquis,
641 1545 699 1614 sed
742 1554 818 1615 tuca
862 1545 1009 1614 moribus
1059 1544 1253 1626 ascribetur,
1344 1542 1463 1612 melior
1494 1543 1726 1636 fortunamque
1759 1544 1912 1624 mutabo,
1951 1553 1986 1612 ut
2016 1567 2082 1613 nou
2117 1544 2193 1613 eia

410 1690 553 1760 cumque
579 1667 657 1738 lecit
680 1667 803 1737 ascribi
827 1666 962 1750 milicie,
987 1677 1025 1738 ut
1048 1668 1150 1760 possit
1176 1667 1254 1736 exin
1343 1667 1455 1748 modo,
1483 1668 1572 1758 qnod
1589 1668 1781 1760 deliqueris,
1809 1668 1866 1738 sed
1886 1669 1949 1738 tuis
1967 1667 2115 1738 moribus
2132 1666 2194 1737 ad-

410 1792 509 1862 salvis
535 1791 664 1884 legibus
689 1792 843 1862 militare.
1345 1790 1517 1872 scribatur,
1537 1813 1679 1883 eumque
1698 1792 1809 1882 itaque
1830 1791 1924 1860 iussit
1946 1791 2110 1861 conscribi
2127 1790 2194 1860 mi-

1344 1913 1447 1994 litiae,
1465 1924 1501 1983 ut
1514 1925 1621 2004 posset
1634 1913 1755 1996 exinde
1773 1913 1870 1984 salvis
1888 1913 2018 2004 legibus
2036 1913 2190 1983 militare.
2209 1926 2242 1978 ιο

508 2123 600 2192 ldem
625 2121 831 2212 Augustinus
855 2132 970 2190 narrat
994 2119 1035 2188 de
1062 2118 1192 2189 civitate
1218 2118 1272 2187 dei
1298 2119 1357 2188 lib.
1384 2120 1440 2189 tv.
1468 2143 1541 2212 cap.
1568 2117 1593 2190 4
1618 2114 1741 2208 (Quam
1767 2122 1889 2191 similia
1921 2124 1985 2191 sint
2011 2124 2192 2197 latrociniis

407 2270 512 2338 regna
543 2245 668 2339 absque
695 2239 830 2334 institia)
855 2243 908 2313 bis
933 2243 1041 2314 verbis
1068 2219 1161 2312 usos:
1193 2241 1395 2332 »Eleganter
1420 2243 1509 2315 cuim
1536 2251 1568 2310 et
1589 2245 1754 2315 veraciter
1779 2247 1972 2316 Alexandro
1998 2247 2047 2315 illi
2069 2249 2193 2338 Magno

326 2377 328 2380 ’
408 2373 544 2466 quidam
570 2371 828 2464 comprehensus
861 2371 967 2462 pirata
999 2368 1179 2460 respondit.
1231 2369 1316 2437 Nam
1342 2390 1417 2436 cum
1443 2368 1532 2436 idem
1557 2391 1619 2437 ιιιι
1643 2367 1812 2438 bominem
1844 2370 2086 2461 interrogasset,
2113 2369 2192 2462 quid

409 2495 441 2565 ei
465 2496 644 2575 videretur,
671 2504 707 2562 ut
731 2517 824 2562 mare
850 2492 988 2562 baberet
1012 2493 1179 2572 infestum,
1205 2493 1263 2562 ille
1290 2493 1397 2563 libera
1414 2495 1636 2576 coutumacia,
1663 2494 1761 2578 Quod
1783 2495 1853 2576 tibi,
1881 2495 2000 2587 inquit,
2027 2506 2062 2565 ut
2079 2495 2193 2564 orbem

408 2632 583 2691 terrarum.
623 2617 686 2688 Sed
712 2618 792 2712 quia
817 2617 851 2686 id
876 2617 998 2710 exiguo
1021 2617 1154 2706 navigio
1172 2617 1270 2698 facio,
1288 2619 1374 2686 latro
1400 2641 1518 2699 vocor:
1544 2619 1624 2710 quia
1641 2628 1675 2687 tu
1692 2641 1815 2710 magna
1834 2619 1949 2701 classe,
1977 2620 2190 2712 imperator.»

408 2747 447 2815 ln
473 2744 593 2838 quibus
619 2765 799 2836 quemnam
823 2751 953 2811 secutus
979 2742 1020 2810 sit
1045 2752 1227 2826 auctorem,
1254 2744 1351 2813 facile
1378 2745 1568 2813 coniectura
1594 2745 1781 2836 assequaris
1808 2756 1840 2813 ct
1866 2755 2033 2815 assecutus
2053 2757 2101 2814 est
2127 2743 2192 2814 iam

408 2867 559 2957 Angelus
593 2866 700 2937 Maius
734 2866 854 2935 collato
887 2865 996 2934 Nonio
1029 2887 1105 2956 pag.
1141 2865 1213 2935 3¹8
1247 2889 1274 2936 s.
1300 2889 1332 2936 v.
1364 2867 1519 2937 infestum
1552 2868 1686 2937 babere.
1736 2869 1819 2940 Eius
1854 2868 1936 2937 baec
1972 2879 2047 2938 suut
2078 2870 2192 2940 verba.

413 2993 586 3083 »infestum
610 3014 698 3061 mure
722 2991 845 3060 baberet
868 3012 929 3082 pro
955 3012 1042 3059 more
1066 2989 1287 3060 latrocinando
1311 2992 1483 3082 infestaret.
1522 2992 1567 3062 bl.
1586 2991 1714 3061 Tullius
1741 2992 1781 3061 de
1807 2993 1999 3084 republica
2024 2992 2110 3062 libro
2127 2994 2191 3063 lll:

408 3138 486 3184 uam
512 3138 587 3185 cum
614 3125 831 3208 quaereretur
856 3137 974 3198 exeo,
1001 3137 1068 3206 quo
1085 3115 1210 3184 scelere
1236 3114 1412 3206 conpulsus
1430 3137 1522 3184 mare
1547 3115 1686 3185 baberet
1710 3116 1867 3185 infestum
1884 3140 1951 3187 uno
1977 3141 2192 3212 myoparone,

410 3239 538 3320 eodem,
565 3239 683 3331 inquit,
710 3261 777 3331 qno
804 3248 838 3308 tu
863 3239 979 3310 orbem
1004 3247 1145 3308 terrae.»
1187 3238 1255 3309 Cfr.
1285 3238 1428 3309 eundem
1454 3263 1530 3332 pag.
1556 3240 1628 3309 53t
1654 3263 1679 3310 s.
1707 3265 1737 3310 v.
1756 3243 1926 3334 blyoparo.
1966 3244 2104 3313 Videtur
2130 3243 2195 3334 igi-

408 3375 462 3434 tur
487 3363 652 3435 Caecilius
677 3386 810 3456 quoque
835 3362 996 3433 Cicerone
1023 3387 1100 3433 usus
1127 3387 1210 3445 esse,
1244 3367 1389 3434 loannes
1415 3388 1494 3434 vero
1521 3364 1780 3434 Saresberieusis
1807 3365 1866 3435 illo
1893 3365 1966 3435 loco
1993 3388 2060 3434 non
2087 3366 2194 3460 ipsum

410 3488 617 3570 Ciceronem,
644 3489 701 3556 sed
729 3488 912 3558 Caecilium
937 3497 1085 3557 nostrum
1112 3497 1186 3557 ante
1213 3488 1324 3556 oculos
1351 3487 1518 3557 babuisse.

507 3613 702 3683 Narratione
729 3612 770 3681 de
795 3611 978 3682 Alexandri
1003 3612 1161 3705 patientia
1188 3611 1228 3680 ad
1255 3611 1357 3681 finem
1382 3613 1560 3703 perducta,
1597 3613 1630 3683 id
1656 3622 1705 3680 est
1729 3623 1802 3705 post
1826 3613 1928 3683 verba
1953 3613 2050 3683 solvis
2075 3612 2195 3704 lepidus

345 3791 348 3796 .
408 3737 549 3805 militare
573 3736 679 3806 codex
703 3736 968 3828 Hamburgcnsis
993 3735 1078 3806 baec
1104 3736 1210 3805 addit:

606 3863 686 3948 ltem
712 3859 783 3953 poit
807 3873 889 3951 aug⁹
917 3861 1040 3930 rideret
1064 3860 1252 3952 respondit,
1286 3860 1382 3929 video
1408 3882 1546 3950 magnos
1572 3861 1716 3929 latrones
1743 3861 1898 3930 ducentes
1925 3885 2065 3952 paruum
2092 3861 2196 3931 latro·

606 4007 683 4053 uem
711 3985 752 4054 ad
778 3985 1061 4078 suspendendum:
1089 3985 1263 4076 sacrilegia
1290 3986 1376 4053 euim
1403 3985 1529 4053 minuta
1553 3984 1748 4074 puniuntur,
1781 3984 1838 4054 sed
1864 4007 1984 4074 magua
2016 3986 2047 4054 in
2074 3985 2195 4053 trium-

606 4109 680 4199 phis
707 4110 867 4179 seruntur.

412 4230 509 4314 Quae
535 4233 734 4303 Laurentius
760 4234 808 4302 sic
833 4243 925 4327 putat
951 4232 1120 4302 emendari
1146 4255 1255 4325 posse:

508 4359 589 4426 ltem
616 4357 794 4449 imperator
818 4359 987 4449 Augustus
1012 4355 1124 4426 ridens
1151 4357 1319 4449 respondit
1344 4366 1405 4424 etc.
1432 4355 1596 4446 Equidem
1625 4353 1707 4423 baec
1732 4355 1916 4424 tentabam:

509 4481 588 4548 ltern
615 4480 724 4571 pouit:
752 4473 779 4568 (l
805 4481 827 4549 i.
856 4505 885 4550 e.
913 4482 1032 4574 pergit,
1059 4481 1182 4551 scribit.
1234 4483 1286 4551 Au
1321 4481 1399 4551 latet
1429 4475 1631 4573 postquem)
1666 4484 1833 4569 Augustus
1859 4474 2072 4571 (Diogenesl)
2100 4473 2193 4523 ***

410 4602 548 4684 videret,
574 4604 744 4696 respondit
770 4614 832 4674 etc.
882 4603 934 4675 Ad
961 4606 1115 4673 lacunam
1142 4604 1230 4672 enim
1257 4613 1293 4672 ut
1317 4604 1544 4694 confugerem,
1575 4626 1642 4672 nou
1669 4613 1734 4672 tam
1760 4607 1971 4696 respondendi
1995 4606 2193 4675 vocabulum

410 4749 465 4796 ma
491 4727 603 4809 movit,
629 4726 719 4819 qnod
743 4751 803 4818 pro
829 4729 955 4797 dicendi
979 4737 1173 4820 usurpatum
1201 4751 1270 4797 esse
1296 4729 1406 4809 dicas,
1434 4753 1533 4821 qoam
1560 4727 1649 4822 quod
1674 4753 1837 4821 nusquam
1864 4730 1898 4797 in
1924 4730 2194 4801 antecedentibus

452 5009 515 5086 aec
535 4993 578 5067 ιιι]
599 4998 691 5057 scrib.
714 5003 744 5056 ιι
763 5004 802 5058 ιιι.
824 4991 842 5061 ιι
864 4998 1037 5069 commodo]
1059 5001 1151 5061 scrib.
1170 5018 1255 5060 ιιιιιι-
1389 4998 1645 5070 emensurarent]
1668 4999 1897 5060 Emendandum
1911 5018 1975 5060 mea
1990 5007 2196 5062 eoeweeccret.

410 5095 457 5155 do.
486 5091 503 5160 ll
536 5093 717 5174 adelbtqntc]
746 5099 885 5174 praestat
911 5097 1075 5176 deliqueris.
1109 5099 1126 5168 ΙΙ
1156 5104 1255 5159 asert-
1355 5097 1372 5166 ll
1403 5115 1448 5162 ιι
1467 5097 1565 5168 modo]
1589 5097 1717 5176 corrige
1737 5115 1854 5158 mecum
1873 5099 1984 5174 amodo,
2006 5100 2026 5158 i.
2041 5117 2067 5159 e.
2084 5101 2194 5174 altino,

411 5192 508 5266 detur]
534 5194 586 5255 bic
613 5209 734 5271 quoqne
757 5193 1007 5272 praeterendum,
1035 5196 1118 5272 quod
1137 5196 1165 5256 J.
1187 5196 1254 5257 Sar.
1346 5215 1402 5257 noc
1422 5215 1482 5258 aaa
1503 5215 1550 5257 ιιι.
1581 5197 1642 5257 Ct'r.
1664 5214 1711 5257 ιιι.
1731 5215 1775 5274 gr.
1796 5196 1825 5257 J.
1847 5196 1912 5258 Sar.
1934 5196 1998 5274 qu.
2020 5197 2071 5258 tv.
2087 5203 2133 5258 11:
2155 5215 2195 5258 ne

412 5293 550 5372 exbibet,
570 5299 623 5354 ιιι.
640 5337 646 5352 .
661 5336 690 5352 ..
707 5293 896 5356 mandator.
927 5298 944 5370 ΙΙ
974 5293 1135 5374 tuteque]
1164 5298 1255 5357 scrib.
1347 5295 1416 5372 quis
1438 5297 1565 5356 Brutum
1586 5297 1696 5356 amodo
1718 5295 1862 5356 imitetur.

412 5406 539 5468 eamque.
