4982 6280
1013 607 1256 678 ..35—

632 826 673 878 1e.
698 807 840 878 Necesse
867 814 928 886 est,
955 816 1049 877 otte
1074 805 1182 899 ipsum
1208 815 1266 875 aut
1289 805 1467 898 pecuniam
1491 805 1593 877 vilem
1618 803 1754 876 babeas.

693 1207 875 1300 Excerptio
900 1209 1157 1279 Proverbiurum
1186 1209 1228 1280 de
1253 1209 1339 1280 libro
1365 1208 1482 1279 Persii.

330 1431 520 1522 Antequam
556 1429 599 1499 ad
633 1429 700 1499 alia
732 1428 986 1523 progrediamur
1012 1427 1152 1500 Caecilii
1184 1428 1282 1500 Balbi
1318 1429 1524 1520 fragmenta,
1559 1427 1623 1498 boc
1654 1425 1739 1498 mibi
1767 1427 1920 1498 relictum
1954 1447 2025 1498 esse

229 1553 346 1636 video,
379 1563 417 1623 ut
447 1553 537 1645 quod
579 1552 663 1623 baec
699 1552 859 1623 anecdota
891 1553 925 1622 in
965 1554 1072 1647 capita
1108 1554 1403 1648 paragraphosque
1447 1552 1700 1647 descripserim,
1735 1575 1890 1670 excusem
1925 1562 2026 1645 atque

230 1675 418 1746 defendam.
461 1674 633 1768 Adscripsi
660 1675 796 1767 quidem
821 1674 857 1744 in
883 1675 1000 1746 dextro
1027 1677 1191 1768 margine,
1218 1699 1262 1746 ne
1280 1677 1428 1748 Caecilio
1453 1677 1522 1748 vim
1542 1676 1694 1748 intulisse
1719 1676 1843 1760 videar,
1869 1697 2027 1747 numeros

227 1799 429 1892 paginarum
454 1820 680 1892 versuumque
705 1799 829 1870 codicis
854 1799 1082 1880 Monacensis,
1120 1800 1241 1892 quibus
1267 1809 1413 1883 utantur,
1449 1801 1508 1893 qui
1531 1800 1655 1873 velint:
1690 1801 1749 1872 sed
1777 1823 1854 1872 eum
1886 1800 2026 1892 singulis

227 1922 377 1994 versibus
403 1923 502 1994 binae
529 1923 697 1994 interdum
722 1924 776 1995 vel
801 1934 916 1994 ternae
943 1921 1307 2016 comprehenderentur
1332 1923 1530 2006 sententiae,
1558 1923 1692 1995 editoris
1718 1933 1801 2007 erat,
1832 1933 1870 1994 ut
1895 1922 2027 2015 singula

228 2046 314 2117 dicta
340 2047 482 2139 singulis
511 2049 660 2119 numeris
685 2047 877 2129 denotaret,
911 2069 1079 2138 quaenam
1114 2061 1200 2120 esset
1234 2050 1361 2142 optima
1394 2049 1540 2145 capitum
1574 2050 1774 2142 designatio,
1807 2050 1878 2142 ipse
1911 2069 2025 2120 seeum

227 2181 414 2263 reputaret,
450 2193 557 2263 eaque
582 2172 793 2265 potissimum
819 2171 942 2242 indicia
968 2195 1006 2242 ac
1031 2173 1171 2266 vestigia
1197 2184 1405 2266 sequeretur,
1441 2195 1527 2266 quae
1565 2173 1671 2244 codex
1703 2173 1775 2267 ipse
1807 2181 1920 2267 aperte
1944 2195 2025 2266 pro·
2138 2177 2142 2190 '

227 2294 331 2365 deret.
371 2297 442 2364 lam
466 2295 551 2366 illud
578 2296 762 2366 accuratius
787 2293 1012 2387 inquirentem
1039 2297 1156 2387 fugere
1184 2321 1252 2367 non
1278 2307 1419 2391 poterat,
1446 2298 1621 2369 librarium
1646 2297 1748 2370 rubro
1773 2297 1903 2391 liquore
1928 2317 2026 2367 usum

227 2439 310 2500 esse,
340 2427 372 2487 et
397 2417 455 2488 ubi
480 2416 755 2511 pbilosophorum
781 2395 927 2488 nemina
944 2419 1252 2514 sententiarumque
1277 2431 1428 2492 auctores
1454 2423 1667 2506 adscriberet,
1701 2433 1735 2492 et
1759 2421 1818 2492 ubi
1843 2443 1929 2513 quae
1954 2420 2025 2491 vir·

228 2550 312 2610 tutes
342 2541 376 2610 in
402 2541 617 2635 sequentibus
634 2541 787 2613 laudatae
812 2541 866 2612 vel
883 2542 1134 2648 commendatae
1155 2567 1307 2638 quaeque
1333 2544 1413 2616 vitia
1431 2545 1604 2638 perstricta
1630 2546 1890 2639 impugnataque
1915 2551 2025 2613 essent

227 2664 374 2735 adderet.
418 2664 482 2737 Ubi
507 2688 586 2735 vero
612 2688 691 2735 eum
717 2675 895 2758 utrumque
921 2667 1038 2738 fecisse
1061 2667 1223 2751 videmus,
1250 2668 1284 2739 id
1310 2669 1399 2762 quod
1426 2669 1526 2761 longe
1551 2671 1745 2763 saepissime
1770 2669 1900 2754 accidit,
1929 2668 2025 2741 sicuti

228 2785 288 2860 84.
314 2789 348 2858 b.
378 2789 420 2858 ll
449 2789 501 2858 De
525 2790 683 2881 sapientia
709 2789 852 2861 Soaatce
877 2792 981 2872 dixit,
1016 2788 1077 2859 lres
1104 2791 1215 2862 titulos
1250 2792 1283 2861 in
1310 2791 1379 2864 duo
1413 2792 1508 2886 quasi
1541 2794 1691 2866 membra
1724 2793 1966 2888 dispertiendos
1992 2799 2024 2861 et

227 2913 273 2982 ita
297 2913 433 3005 quidem
460 2913 725 3005 interpretandos
751 2937 823 2984 esse
848 2914 981 3007 putavi,
1018 2924 1053 2984 ut
1083 2915 1246 3008 posterior
1270 2939 1367 3009 pars,
1402 2917 1425 2986 i.
1453 2939 1483 2986 e.
1511 2917 1656 2988 auctoris
1681 2939 1803 2988 nomen
1829 2918 1873 2988 ad
1896 2917 2023 2988 dictum

227 3036 381 3130 proxime
407 3047 534 3109 tantum
558 3037 764 3130 subsequens
789 3039 980 3122 referretur,
1006 3040 1098 3133 prior
1123 3064 1203 3112 vere
1228 3064 1289 3134 pro
1315 3041 1432 3135 capitis
1449 3043 1544 3113 titulo
1570 3043 1776 3136 acciperetur
1800 3053 1834 3115 et
1858 3043 1901 3114 ad
1927 3065 2024 3114 eom-

226 3162 325 3256 plora
358 3162 459 3232 simul
490 3163 578 3233 dicta
602 3173 752 3255 spectaro
778 3164 1033 3247 existimaretur,
1070 3165 1177 3237 denec
1210 3165 1317 3236 oratio
1351 3165 1393 3236 ad
1426 3165 1519 3236 aliud
1552 3166 1743 3239 deflecteret
1775 3177 2021 3260 argumentum.

230 3286 339 3370 Quam
364 3286 528 3357 rationem
555 3310 630 3357 cum
657 3287 700 3357 ad
726 3286 877 3357 libellum
912 3288 947 3358 in
982 3287 1090 3381 capita
1118 3288 1373 3362 describendum
1407 3289 1641 3375 transferrem,
1674 3291 1837 3385 pleraque
1870 3301 2022 3385 apertum

227 3419 298 3480 erat
324 3408 483 3480 facillime
510 3410 661 3502 expediri
686 3433 800 3502 posse;
826 3412 862 3481 in
878 3410 994 3505 paucis
1020 3413 1166 3504 capitum
1183 3413 1295 3484 titulos
1313 3436 1356 3484 ex
1373 3414 1565 3485 coniectura
1582 3414 1744 3508 supplevi.
1783 3408 1865 3504 (Cfr.
1883 3439 1912 3486 c.
1930 3417 2020 3488 Xlll.
2164 3465 2166 3472 ·

227 3532 269 3603 de
295 3534 438 3615 fortuna,
464 3534 552 3606 XlV.
579 3533 621 3604 de
646 3534 831 3617 beneficiis,
858 3536 1039 3608 XXXVlll.
1066 3537 1216 3607 XXXIX.
1243 3531 1329 3628 XL.)
1378 3538 1496 3631 Neque
1521 3547 1588 3608 tam
1614 3538 1679 3609 lroc
1704 3539 1903 3624 dolendum,
1930 3539 2020 3634 quod

226 3658 371 3751 capitum
396 3657 483 3728 tituli
500 3681 520 3728 a
538 3658 677 3729 librario
702 3661 833 3753 saepius
860 3661 972 3732 omissi
1001 3685 1091 3731 nuno
1109 3661 1244 3754 quidem
1270 3663 1481 3733 coniecturae
1505 3686 1569 3756 ope
1586 3664 1715 3734 restitui
1739 3664 1893 3748 debeant,
1918 3687 2019 3757 quam

224 3782 314 3876 quod
348 3781 688 3876 pbilosophorum
724 3785 883 3855 nomina
917 3785 1110 3876 saepissime
1135 3785 1367 3880 praetermissa
1394 3787 1470 3857 sint.
1522 3789 1564 3858 Et
1589 3789 1625 3859 in
1650 3799 1763 3860 nostro
1788 3789 1924 3883 quidem
1958 3813 2018 3861 co·

225 3904 309 3986 dice,
336 3906 530 3977 Monacensi
555 3905 692 3988 scilicet,
718 3907 848 3978 lacunis
874 3908 969 4000 quasi
995 3909 1128 3991 referto,
1162 3933 1229 3979 non
1255 3909 1422 3981 immerito
1453 3911 1581 3982 librarii
1606 3913 1760 3984 incusare
1785 3913 1937 3985 videmur
1960 3937 2017 3985 so-

224 4029 372 4100 cordiam
398 4039 498 4122 atque
517 4029 769 4121 negligentiam,
795 4031 885 4125 quod
904 4054 990 4123 quae
1008 4040 1080 4101 atro
1096 4032 1225 4102 calamo
1242 4055 1348 4103 vacua
1364 4033 1511 4126 reliquit,
1538 4057 1579 4105 ea
1604 4037 1706 4106 rubro
1732 4059 1801 4107 non
1820 4038 2015 4131 expleverit.

223 4145 305 4238 (Cfr.
333 4174 386 4221 ex.
413 4173 464 4242 gr.
492 4152 552 4222 91.
580 4175 611 4222 a.
639 4155 673 4222 6.
718 4153 777 4223 90.
804 4179 834 4224 a.
865 4157 921 4238 16,
952 4148 1021 4244 18.)
1064 4155 1128 4225 Sed
1154 4156 1234 4248 quid
1261 4158 1497 4249 conquerendo
1523 4159 1645 4230 diutins
1672 4137 1914 4232 immoremur?
1941 4163 2017 4236 ali-

222 4286 386 4369 quantum
411 4299 492 4346 sane
518 4277 709 4347 detrimenti
736 4290 962 4371 compensant,
989 4301 1072 4371 quos
1097 4279 1133 4348 in
1159 4279 1424 4351 adnotationibus
1449 4282 1566 4353 sedulo
1591 4284 1744 4375 congessi
1771 4307 1847 4355 cum
1872 4286 2015 4358 alierum

222 4399 421 4492 scriptorum
446 4402 527 4482 loci,
565 4411 634 4470 tum
660 4401 857 4494 integriores
883 4402 1020 4474 Caecilii
1047 4403 1177 4474 codices
1202 4405 1297 4498 isque
1321 4407 1518 4498 praesertim
1551 4407 1647 4492 liber,
1684 4431 1750 4502 quo
1775 4409 1834 4482 W.
1860 4411 2014 4482 Burleius

224 4545 302 4593 usus
329 4536 387 4593 est.

322 4651 434 4718 Prouti
469 4673 565 4731 vere,
600 4653 689 4744 quod
715 4653 749 4722 in
775 4653 893 4722 codem
925 4655 1040 4724 codiee
1065 4657 1257 4727 Monacensi
1291 4668 1457 4728 servatum
1490 4669 1539 4729 est
1563 4661 1789 4741 Horatiaoae,
1822 4662 2011 4744 Persianae,

225 4772 450 4856 Tibullianac,
477 4775 619 4844 alierum
645 4798 794 4868 poeseos,
822 4788 1015 4869 excerptum
1041 4788 1166 4850 tantum
1192 4791 1241 4851 est
1265 4805 1308 4852 ex
1332 4782 1452 4853 borum
1470 4793 1642 4876 poetarum
1669 4786 1763 4857 libris
1789 4786 1939 4878 integris,
1963 4787 2012 4857 sic

150 4917 152 4922 ’
223 4895 333 4978 etiam,
360 4919 442 4987 quas
467 4895 629 4968 tredecim
665 4897 744 4969 illae
774 4899 918 4992 paginae
950 4893 1019 4989 (fol.
1047 4901 1106 4972 Sd.
1133 4927 1209 4974 a-
1227 4906 1287 4975 91.
1313 4901 1344 4998 a)
1376 4908 1545 4978 continent
1570 4909 1708 4980 Caecilii
1742 4910 1913 5003 reliquias,
1949 4933 2011 4981 ex-

222 5027 356 5111 cerptae
381 5009 458 5090 sunl
483 5043 524 5090 cx
549 5021 699 5112 pleniore
724 5022 862 5092 Caecilii
893 5047 1006 5116 opere,
1032 5024 1056 5094 i.
1076 5047 1107 5094 c.
1126 5049 1169 5096 ex
1195 5037 1350 5120 quattuor
1367 5030 1419 5100 vel
1444 5032 1595 5124 pluribus
1612 5032 1696 5104 adeo
1713 5055 1879 5123 nugarum
1904 5034 2010 5105 libris.
2068 5023 2075 5034 '

220 5143 328 5212 lmmo
354 5155 386 5214 et
410 5145 472 5215 lroc
498 5147 659 5238 suspicari
684 5147 773 5229 licet,
800 5149 1018 5221 breviatorem
1044 5152 1079 5221 in
1105 5153 1274 5223 nonnullis
1300 5163 1389 5223 corte
1414 5153 1457 5224 ab
1483 5179 1523 5227 eo
1548 5158 1665 5228 ordine
1690 5158 1882 5240 recessisse,
1909 5182 2009 5252 quem

221 5267 292 5360 ipse
311 5267 477 5338 Caecilius
503 5280 636 5339 secutus
653 5281 743 5340 erat:
770 5294 869 5363 qnam
888 5274 1079 5365 opinionem
1104 5284 1236 5365 praeter
1260 5277 1328 5346 alia
1352 5278 1386 5348 id
1412 5279 1556 5348 maxime
1581 5280 1664 5350 mibi
1681 5281 1893 5364 excitaverat,
1920 5283 2009 5377 quod

220 5389 255 5460 in
281 5393 398 5474 Persii,
425 5394 602 5476 luvenalis,
629 5397 758 5467 Lucani
785 5407 846 5467 etc.
873 5399 1067 5492 fragmentis
1093 5401 1210 5472 eodem
1236 5401 1350 5473 codice
1380 5403 1627 5497 comprehensis
1651 5405 1891 5477 versiculorum
1917 5409 2009 5480 ordi·

1727 5539 1773 5606 50
