4982 6280
1225 609 1472 680 ..16-

554 798 628 896 (15)
653 805 744 876 Titus
769 806 805 877 in
831 814 947 876 senato
972 805 1080 877 Lucio
1100 807 1237 879 Metello
1262 808 1474 879 maledicenti
1499 807 1563 879 sibi
1588 809 1776 902 respondit:
1803 811 1916 882 Facile
1942 821 2005 895 est,
2031 812 2066 882 in
2090 834 2146 882 nne
2170 834 2246 883 ma-

452 931 611 1015 ledicere,
638 955 714 1002 cum
739 954 807 1001 non
834 931 896 1001 sim
921 954 1151 1023 responsurus.
1471 1021 1473 1024 .

552 1049 626 1145 (16)
652 1055 838 1148 Xenophon
865 1056 998 1126 cuidam
1023 1055 1236 1126 maledicenti
1267 1055 1331 1127 sibi
1364 1056 1572 1150 respondisse
1608 1056 1731 1128 fertur:
1768 1059 1818 1128 Tu
1852 1059 1996 1130 didicisti
2032 1051 2242 1138 maledicere,

454 1190 488 1248 et
513 1199 576 1270 ego
600 1187 682 1249 teste
709 1179 909 1250 conscientia
936 1178 1038 1250 didici
1062 1179 1241 1248 maledicta
1266 1189 1487 1250 contemnere.

553 1296 626 1394 (17)
651 1304 790 1395 Legitur
815 1303 856 1373 de
872 1303 1041 1396 Diogene:
1069 1305 1227 1374 cuicum
1253 1305 1379 1375 amicus
1405 1305 1599 1388 nuntiasset,
1627 1307 1746 1378 Cuncti
1772 1317 1803 1378 te
1829 1307 2028 1400 vituperant,
2054 1307 2240 1400 respondit:
2276 1325 2293 1376 s

454 1428 593 1519 Oportet
618 1427 816 1520 sapientiam
840 1429 882 1499 ab
908 1426 1139 1520 insipientibus
1164 1428 1268 1512 feriri,
1295 1439 1328 1499 et
1352 1429 1525 1500 meliorem
1550 1452 1586 1499 se
1612 1430 1871 1523 indicat‘lingua
1891 1433 1981 1504 mala
2008 1432 2115 1514 illum,
2142 1453 2242 1524 mem

454 1550 571 1642 carpit.
1445 1557 1446 1564 ’

551 1781 819 1874 Lindenbrogius
845 1783 879 1853 in
915 1785 1088 1876 margine,
1120 1793 1156 1853 ut
1190 1783 1258 1852 iam
1279 1805 1388 1884 *supra
1421 1783 1554 1865 monui,
1590 1781 1803 1854 adnotaverat
1836 1808 1875 1854 ea
1908 1800 1965 1854 oct.
1998 1809 2055 1855 ms.
2082 1787 2137 1855 lib.
2170 1809 2243 1856 sen-

452 1907 643 1974 tentiarum:
677 1916 845 1998 praeterea
878 1905 923 1977 ad
957 1909 1106 1979 dextram
1140 1906 1222 1976 baec
1256 1905 1489 1998 adscripscrat:
1529 1908 1628 1977 Balbi
1661 1909 1825 1978 cuiusdam
1860 1912 2002 1979 meminit
2036 1909 2107 1979 Sid.
2142 1910 2242 2002 Apol-

453 2027 510 2098 lin.
538 2029 593 2097 lib.
620 2026 655 2098 9.
681 2030 743 2122 Ep.
773 2027 837 2109 14,-
871 2033 925 2100 sed
948 2033 978 2101 is
1007 2032 1092 2101 nlius
1125 2033 1166 2101 nb
1200 2031 1256 2100 boc
1289 2044 1345 2108 est:
1371 2030 1407 2099 in
1439 2031 1533 2101 laevo
1566 2053 1647 2101 vero
1680 2034 1852 2124 margine:
1889 2034 2030 2103 Cornelii
2059 2034 2158 2103 Balbi
2193 2034 2242 2102 lo-

453 2176 522 2222 cum
560 2155 634 2224 citet
659 2155 788 2224 Seruius
813 2155 962 2246 Danielis
986 2157 1119 2226 Antea.
1151 2152 1186 2226 4.
1215 2180 1292 2248 pop.
1319 2153 1402 2227 320.
1454 2155 1550 2238 Quae
1585 2155 1672 2225 hanc
1705 2157 1814 2249 potius
1844 2157 1887 2228 ob
1913 2179 2047 2227 cansam
2072 2158 2240 2227 monenda

452 2273 544 2356 duxi,
570 2287 613 2347 ne
640 2277 822 2370 quidquam
848 2301 868 2348 a
892 2302 947 2348 me
973 2280 1243 2372 praetermissum
1269 2280 1323 2350 vel
1349 2280 1537 2371 neglectum
1566 2303 1637 2350 esse
1663 2281 1765 2361 dicas,
1800 2304 1900 2374 quam
1934 2280 2023 2375 quod
2048 2281 2242 2352 confirmato

453 2398 519 2469 iam
549 2400 672 2493 triplici
698 2403 886 2473 testimonio
913 2405 1050 2475 Caecilii
1076 2405 1173 2476 Balbi
1199 2404 1345 2486 nomine,
1389 2407 1423 2478 in
1449 2404 1538 2477 illius
1573 2418 1681 2498 partes
1714 2406 1950 2476 discedendum
1983 2429 2055 2475 esse
2080 2407 2240 2476 arbitrer:

450 2532 599 2593 nostrum
626 2525 698 2608 erit,
725 2537 760 2596 ut
785 2527 845 2598 sub
873 2529 974 2599 linem
1000 2530 1237 2601 dissertationis
1264 2532 1304 2601 dc
1323 2542 1429 2602 aetate
1447 2530 1585 2602 Caecilii
1601 2530 1709 2613 Balbi,
1735 2554 1821 2624 quae
1840 2531 1881 2600 ad
1898 2531 2071 2600 veritatem
2098 2531 2241 2600 maxime

452 2639 613 2718 accedere
638 2650 822 2733 videantur,
850 2675 1066 2746 exponamus.

549 2774 618 2842 lam
645 2775 828 2847 certissima
853 2787 887 2847 et
911 2778 1101 2848 firmissima
1128 2779 1214 2848 iacta
1231 2790 1308 2847 sunt
1320 2779 1522 2873 quaestionis
1539 2778 1580 2848 de
1599 2777 1744 2848 Caecilio
1771 2777 1991 2848 instituendae
2017 2778 2240 2858 fundamenta,

450 2895 572 2986 quibus
597 2899 684 2968 nixis
709 2902 793 2972 lines
818 2902 914 2972 nobis
940 2903 1038 2973 latius
1063 2922 1250 2995 propagare
1276 2903 1385 2971 liceat.
1429 2904 1514 2972 Nam
1541 2901 1738 2994 fragmentis
1764 2901 1831 2970 iarn
1858 2901 1892 2970 in
1918 2900 2065 2971 medinm
2093 2900 2238 2993 prolatis,

325 3075 333 3096 .
450 3020 601 3112 quamvis
635 3023 700 3092 sint
725 3025 935 3117 paucissima,
962 3026 996 3096 id
1022 3049 1103 3096 sane
1129 3027 1296 3096 consecuti
1320 3049 1444 3110 sumus,
1472 3037 1509 3096 ut
1534 3027 1634 3132 quale
1660 3026 1730 3094 lere
1763 3035 1996 3114 argumentum
2029 3026 2129 3095 luerit
2154 3025 2241 3096 Cae-

450 3145 565 3216 ciliani
588 3147 698 3240 operis
723 3171 878 3241 quaeque
904 3149 939 3218 in
965 3173 1005 3219 eo
1030 3150 1153 3220 luerint
1178 3161 1323 3232 narrata,
1358 3160 1564 3242 compertum
1599 3149 1800 3231 babeamus:
1835 3147 1989 3242 dictaque
2022 3149 2068 3220 ibi
2100 3150 2241 3218 collecta

444 3249 594 3342 ¹vidimus
620 3271 889 3355 clarissimorum,
915 3294 999 3365 quos
1025 3274 1204 3366 antiquitas
1237 3275 1385 3367 protulit,
1418 3275 1575 3355 virorum,
1603 3274 1817 3354 Graecorum,
1853 3275 2090 3354 Romanorum,
2125 3271 2239 3366 philo·
2282 3275 2286 3285 “

449 3394 642 3488 sophorum,
668 3397 917 3489 imperatorum,
944 3397 1092 3467 virorum
1118 3397 1207 3467 domi
1229 3397 1435 3491 militiaeque
1462 3397 1654 3490 insignium.
1694 3398 1909 3489 Quamquam
1927 3397 2032 3468 libero
2056 3421 2114 3467 ore
2139 3420 2240 3491 prae·

449 3542 584 3606 moneo,
617 3543 702 3613 quae
735 3543 815 3591 mox
848 3522 1010 3591 lectorum
1035 3522 1141 3592 oculis
1167 3522 1373 3593 subiecturus
1409 3545 1493 3602 sum,
1527 3523 1639 3592 omnia
1674 3509 1825 3606 α’κέφαλα
1855 3532 1995 3592 aetatem
2030 3523 2155 3591 tulisse·
2175 3545 2239 3592 nec

449 3647 556 3717 ullum
581 3647 726 3717 auctoris
751 3647 927 3738 vestigium
953 3648 988 3716 in
1015 3646 1184 3717 codicibus
1210 3669 1402 3740 superesse:
1427 3648 1485 3717 sed
1511 3657 1599 3716 tanta
1626 3655 1675 3714 est
1699 3668 1814 3715 eorum
1841 3656 1994 3728 vetustas,
2018 3645 2237 3728 tantalides,

449 3780 537 3841 tanta
567 3771 756 3856 auctoritas,
787 3781 958 3864 tantopere
991 3771 1173 3842 Caecilium
1202 3772 1344 3842 Dalbum
1375 3771 1527 3841 redolent
1560 3772 1708 3862 adeoque
1743 3770 1850 3840 simile
1883 3780 1931 3839 est
1964 3771 2071 3863 ipsum
2106 3770 2238 3842 dicendi

449 3919 555 3988 genus
581 3921 656 3968 cum
682 3891 751 3981 illo,
787 3898 876 3990 quod
908 3898 942 3966 in
978 3873 1169 3990 fragmentis
1196 3897 1332 3968 Caecilii
1359 3895 1469 3967 adhuc
1495 3894 1589 3965 editis
1614 3904 1743 3985 regnat,
1778 3903 1813 3963 ut
1837 3893 1946 3986 primo
1979 3896 2089 3964 statim
2121 3896 2238 3966 obtutu

357 4093 366 4120 x
449 4021 597 4092 eiusdem
623 4023 732 4115 operis
764 4023 927 4116 reliquiae
962 4045 1033 4092 esse
1067 4032 1301 4114 agnoscantur.
1353 4021 1509 4091 Codicem
1535 4021 1781 4100 Monacensem,
1817 4040 1917 4109 quem
1951 4041 2048 4112 supra
2081 4018 2162 4104 dixi,
2194 4043 2236 4090 ne

447 4255 608 4325 Drscnnr.
638 4253 722 4324 Con.
751 4257 953 4325 urrunnun:
985 4255 1007 4322 3
1038 4255 1120 4322 Zeno
1143 4255 1348 4347 philosophus
1374 4255 1500 4324 cnidum
1535 4245 1553 4326 ll
1589 4253 1653 4322 Pro
1682 4251 1728 4320 Tu
1754 4249 1825 4320 cod.
1854 4251 2006 4321 habuisse
2030 4251 2161 4322 videtur
2185 4252 2234 4321 ln.

458 4435 764 4444 ——ss-——v-
1258 4436 1301 4442 ...-
1318 4435 1325 4440 ι
1345 4433 1398 4440 -·—-
1418 4433 1491 4440 —o-
1510 4433 1821 4438 -——--·---—----⁷-·—-—---—-·——--
1845 4433 1899 4438 =---·-
1922 4433 2017 4438 -—----—·
2112 4433 2225 4440 --.--....

528 4530 615 4603 sta.
657 4531 727 4609 83,
750 4533 798 4608 14,
820 4534 847 4591 7.
889 4533 989 4593 Mes.
1010 4534 1039 4593 b.
1063 4535 1099 4590 11
1122 4529 1192 4605 (35,
1213 4525 1260 4598 5).
1299 4523 1316 4601 ΙΙ
1362 4525 2230 4602 2cnmnonsim]Seumnecsim;quio....non

445 4650 518 4695 eon.
550 4623 567 4706 ΙΙ
599 4629 687 4700 tro.
730 4629 804 4702 sa,
827 4631 968 4707 mest
989 4631 1017 4706 e,
1042 4631 1089 4688 15.
1113 4629 1215 4690 uso.
1237 4628 1266 4687 n.
1291 4629 1329 4686 ra
1351 4624 1416 4701 (aa,
1438 4623 1482 4695 a).
1513 4624 1582 4685 rar.
1605 4626 1653 4686 rs.
1681 4625 1718 4682 v.
1739 4623 1773 4683 s.
1794 4641 1841 4701 sp.
1862 4624 1892 4682 n.
1914 4627 1942 4698 a,
1965 4625 2016 4684 ca:
2038 4623 2133 4684 uatus
2155 4620 2234 4694 (xs-

445 4729 629 4812 nophontis)
651 4730 764 4790 dicitur
785 4745 855 4792 esse
876 4729 932 4790 illa
953 4729 1114 4804 sententia,
1136 4745 1226 4804 quam
1246 4727 1308 4787 sibi
1327 4725 1523 4787 maledicenti
1537 4723 1715 4801 respondit:
1737 4722 1788 4796 Tu,
1810 4723 1917 4799 inquit,
1938 4723 2131 4783 maledixisti
2151 4720 2235 4788 (ma-

445 4831 582 4891 ledicere
603 4827 791 4904 didicistit);
821 4844 880 4906 ego
902 4827 1092 4890 conscientia
1113 4829 1195 4887 teste
1224 4825 1319 4885 didici
1340 4823 1504 4883 maledicta
1529 4826 1736 4882 contemnere.
1778 4819 1831 4878 W.
1850 4819 1885 4880 B.
1908 4820 1999 4881 Xan:
2027 4820 2169 4898 Agellius
2195 4820 2234 4879 de

444 4928 650 5006 Xenophonte
670 4929 716 4988 sin
736 4929 795 4988 ait:
822 4925 894 4987 Cum
916 4927 1038 5003 qnidam
1059 4926 1088 4985 ei
1109 4925 1319 4997 malediceret,
1341 4924 1385 4981 ita
1406 4921 1582 4998 respondit:
1604 4921 1647 4980 'l'u
1669 4917 1803 4978 studium
1828 4921 1911 4979 tuum
1933 4920 1972 4979 ad
1993 4919 2234 4980 maledicendum

446 5027 574 5102 dedisti:
603 5043 661 5105 ego
690 5043 768 5087 vero
796 5025 985 5087 conscientia
1010 5027 1091 5086 teste
1118 5022 1217 5082 didici
1244 5021 1409 5082 maledicta
1436 5025 1661 5096 contempnere.
1704 5015 1845 5078 Ceterum
1868 5017 1961 5078 Gellii
1989 5035 2098 5078 nomen
2127 5033 2233 5078 errore

445 5126 583 5187 Walteri
603 5126 636 5186 B.
659 5125 710 5186 bio
730 5125 868 5202 irrepsit,
892 5139 952 5200 qua
973 5124 1012 5183 de
1033 5141 1068 5182 re
1089 5119 1169 5182 inira
1192 5121 1355 5181 dicendum
1375 5121 1443 5180 erit.
1487 5113 1503 5193 ΙΙ
1548 5131 1563 5178 a
1585 5114 1756 5190 Xenophon]
1784 5133 1937 5177 consensu
1959 5134 2014 5176 sex
2035 5117 2173 5178 locorum
2193 5116 2234 5176 ad

445 5221 1205 5302 s16snpraaunontorumcomprobatumest.
1238 5213 1255 5294 ΙΙ
1290 5224 1356 5279 tet
1375 5217 1444 5297 epo]
1467 5217 1488 5278 S
1511 5231 1632 5292 quoqne
1653 5215 1762 5289 babet:
1784 5217 1882 5275 ceteri
1902 5233 1965 5294 epo.
1997 5209 2014 5290 ΙΙ
2047 5213 2138 5284 §ta
2161 5213 2182 5274 S
2203 5215 2233 5292 3,

448 5325 495 5400 to,
516 5324 544 5383 9.
569 5322 600 5382 Μ
620 5323 668 5383 90.
683 5322 711 5381 b.
733 5323 773 5382 20
794 5316 877 5395 (t5).
904 5319 957 5379 W.
970 5319 1005 5380 B.
1019 5317 1190 5397 Diogenes:
1211 5317 1286 5379 Cum
1307 5316 1430 5394 quidam
1452 5313 1481 5375 ei
1502 5314 1687 5390 nunciasset,
1710 5311 1815 5373 Cuncti
1837 5315 2013 5392 vituperant
2034 5318 2074 5388 te,
2093 5311 2231 5392 Oportet,

445 5420 553 5500 inquit,
574 5421 757 5499 sapientiam
776 5421 815 5482 ab
837 5417 1052 5498 insipientibus
1073 5415 1256 5493 impugnari:
1280 5431 1352 5476 esse
1372 5414 1452 5474 eninr
1464 5412 1622 5474 meliorem
1641 5412 1755 5473 indicat
1775 5412 1856 5472 mala
1875 5412 1989 5488 lingua,
2012 5427 2101 5487 qnenn
2122 5409 2229 5486 carpit
