4982 6280
1296 713 1340 774 Vl

421 895 581 966 laetitiam
606 903 639 965 et
662 895 898 989 persentiscam
925 905 957 964 et
982 893 1132 987 prodam.
1183 894 1269 965 Nam
1295 917 1404 988 neque
1431 895 1597 988 integrum
1623 895 1706 966 mibi
1731 904 1788 966 aut
1811 896 2022 967 venerandae
2048 898 2215 969 vetustatis

421 1045 568 1117 codicem
595 1067 689 1116 casus
714 1045 843 1128 obtulit,
878 1067 979 1139 quem
1004 1066 1109 1114 unum
1142 1051 1211 1114 tuto
1243 1067 1402 1138 sequerer
1437 1042 1639 1126 describens,
1674 1043 1732 1114 sed
1763 1043 1881 1116 laceris
1907 1045 2104 1138 quibusdam
2139 1069 2215 1117 cor·

422 1192 685 1287 ruptissimisque
720 1191 867 1264 frustulis
893 1193 1053 1264 utendum
1079 1194 1151 1277 tuit,
1188 1217 1299 1288 neque
1333 1196 1406 1288 quis
1432 1195 1637 1292 potissimum
1669 1196 1740 1266 eius
1774 1195 1902 1266 disiecti
1933 1195 2012 1268 libri
2045 1207 2130 1267 esset
2161 1197 2215 1268 vel

422 1340 560 1433 scriptor
592 1341 646 1411 vel
680 1341 812 1423 titulus,
847 1339 940 1409 initio
974 1340 1165 1434 apparebat.
1216 1344 1372 1433 Longum
1398 1307 1456 1412 est·
1472 1366 1647 1428 enarrare,
1683 1355 1720 1416 ut
1753 1346 1952 1440 conquirens
1982 1344 2153 1418 ldonacbii
2183 1355 2216 1415 et

421 1491 555 1561 Parisiis
578 1491 748 1584 Polyaeno
781 1502 813 1560 et
838 1491 993 1584 Ampelio
1024 1490 1171 1563 subsidia
1198 1493 1311 1564 critica
1342 1493 1471 1565 delatus
1497 1495 1560 1564 sim
1586 1493 1628 1565 ad
1654 1493 1714 1564 has
1740 1493 1781 1564 de
1808 1495 1905 1586 nugis
1938 1494 2214 1589 pbilosophorum

421 1641 500 1712 libri
525 1643 694 1736 reliquias,
726 1642 859 1735 longius
890 1645 989 1713 etiam
1022 1643 1215 1735 singillatim
1242 1668 1451 1730 enumerare,
1487 1644 1607 1739 quibus
1641 1645 1791 1715 fortunae
1827 1643 1994 1714 favoribus
2028 1645 2214 1737 quibusque

422 1789 594 1861 doctorum
620 1789 792 1861 bominum
819 1789 964 1861 consiliis
989 1792 1041 1862 vel
1068 1795 1220 1884 expetitis
1245 1796 1299 1865 vel
1324 1796 1412 1865 ultro
1438 1796 1556 1866 oblatis
1585 1795 1714 1866 adiutus
1740 1787 1895 1887 (quorum
1920 1815 2102 1886 numquam
2127 1789 2216 1886 apud

422 1941 572 2011 animum
605 1965 718 2012 meum
751 1941 915 2011 memoria
945 1943 1137 2032 refrigescet
1170 1955 1203 2014 et
1234 1938 1350 2035 gratia)
1387 1967 1427 2014 eo
1460 1942 1593 2013 tandem
1627 1943 1854 2036 pervenerim,
1889 1951 1926 2011 ut
1958 1940 2091 2012 incertis
2123 1939 2214 2010 hisce

422 2089 582 2183 vagisque
607 2090 792 2183 scriptionis
823 2088 975 2182 reliquiis
1009 2099 1136 2160 certum
1171 2089 1315 2183 denique
1345 2091 1564 2184 praefigerem
1595 2091 1762 2182 scriptoris
1794 2111 1918 2159 nomen
1944 2087 2081 2159 Caecilii
2106 2087 2213 2158 Balbi.

520 2239 647 2308 Verum
673 2261 738 2307 non
773 2239 927 2332 propriae
962 2237 1068 2308 laudis
1098 2237 1217 2322 studio,
1254 2262 1366 2332 aquo
1401 2238 1509 2309 studio
1535 2260 1590 2307 me
1623 2238 1728 2308 sentio
1756 2259 1826 2306 esse
1853 2231 2011 2318 alienam,
2045 2233 2129 2304 haec
2154 2255 2215 2304 ex·-

423 2408 556 2479 sequor,
582 2386 639 2456 sed
666 2409 706 2456 eo
732 2387 880 2470 consilio,
906 2398 942 2458 nt
968 2397 1001 2456 et
1026 2389 1151 2458 amicos
1176 2411 1280 2471 meos,
1307 2389 1366 2481 qui
1392 2383 1528 2458 nimiam
1555 2387 1690 2457 sortasse
1708 2409 1800 2479 spem
1827 2385 1868 2456 de
1895 2385 1958 2456 boe
1982 2385 2115 2455 invento
2139 2405 2215 2452 meo

423 2545 661 2628 conceperunt,
694 2544 726 2603 et
756 2534 902 2629 reliquos
937 2535 1063 2606 iudices
1095 2560 1208 2607 rerum
1239 2536 1373 2630 peritos,
1407 2535 1657 2608 difficultatibus
1691 2537 1741 2606 rei
1773 2536 1915 2606 breviter
1948 2533 2214 2604 commemoratis

424 2682 633 2763 admoneam,
661 2704 760 2774 wem
779 2682 870 2752 tenui
888 2684 1132 2775 exspectatione
1159 2706 1326 2778 quamque
1345 2684 1500 2754 clementi
1526 2683 1649 2753 iudicio
1668 2706 1750 2776 opus
1767 2683 1820 2764 sit,
1847 2704 1922 2753 cum
1941 2704 2052 2752 meam
2078 2703 2215 2774 operam

423 2827 556 2899 invento
588 2829 739 2922 scriptori
773 2840 927 2900 navatam
961 2854 1154 2925 meumque,
1188 2831 1433 2924 qualecumque
1468 2832 1541 2915 erit,
1576 2831 1733 2902 meritum
1758 2838 1833 2901 sunt
1862 2827 2095 2900 examinatori.
2144 2829 2216 2899 D'e-

423 2977 615 3050 siderabnnt
640 2980 777 3050 tortasse
803 2980 986 3052 Caecilium
1010 2982 1163 3065 Balbum,
1197 2983 1323 3054 editum
1356 3006 1424 3052 non
1450 2993 1486 3053 ut
1512 2983 1576 3052 leci
1607 2982 1842 3077 particulatim,
1876 2982 1934 3052 sed
1968 2981 2077 3074 quoad
2109 2979 2214 3063 licuit,

423 3128 655 3199 concinnatum
682 3137 714 3198 et
737 3129 924 3200 restitutum
950 3129 992 3201 ad
1009 3131 1185 3225 pristinum
1211 3143 1368 3224 quattuor
1393 3131 1582 3202 libellorum
1609 3130 1773 3200 ordinem.
1809 3095 1905 3200 Potui
1922 3129 2006 3200 baec
2030 3129 2076 3198 ita
2093 3128 2214 3210 lacere,

424 3273 601 3347 etfaciam
625 3277 761 3348 sortasse
787 3277 857 3371 ipse
883 3277 1063 3372 aliquando
1089 3279 1153 3352 boc
1177 3292 1285 3373 paeto.
1336 3283 1461 3351 Verum
1488 3280 1523 3348 in
1548 3278 1612 3349 bac
1637 3279 1786 3372 principe
1813 3277 1956 3349 editione
1982 3300 2036 3348 res
2061 3276 2144 3346 mibi
2170 3275 2217 3346 ita

424 3423 624 3496 instituenda
649 3425 833 3508 videbatur,
860 3437 896 3497 ut
920 3428 1033 3498 omnia
1058 3428 1253 3521 simpliciter
1280 3449 1492 3522 exponerem,
1523 3428 1632 3498 omnis
1657 3450 1788 3508 causae,
1815 3427 1972 3497 omnium·
1990 3425 2158 3496 rationum
2182 3433 2216 3494 et

423 3586 696 3666 argumentorum
721 3575 861 3646 lectores
886 3599 1017 3648 mecum
1045 3577 1194 3647 conscios
1213 3587 1246 3646 et
1263 3586 1360 3646 testes
1385 3575 1480 3669 quasi
1505 3577 1655 3646 oculares
1672 3576 1828 3656 lacerem,
1853 3595 2037 3665 eorumque
2055 3573 2215 3644 iudicium

424 3723 605 3796 informare
633 3748 735 3819 quom
758 3747 931 3796 assensum
956 3737 1089 3820 captare
1120 3727 1267 3798 mallem.
1318 3729 1368 3796 lta
1393 3727 1514 3796 lactum
1541 3737 1599 3810 est,
1633 3733 1671 3795 ut
1700 3745 1951 3816 nonnumquam
1976 3721 2076 3815 paulo
2101 3722 2215 3814 copio-

424 3877 491 3946 sior
508 3888 541 3945 et
557 3875 708 3947 diffusior
733 3875 860 3958 fierem,
888 3886 980 3947 etue
1002 3875 1252 3969 repetitionibus
1277 3875 1413 3970 quidem
1439 3883 1497 3946 aut
1520 3872 1806 3944 retractationibus
1832 3872 2043 3954 abstinerem,
2070 3868 2214 3961 deniquo

423 4044 519 4092 meae
545 4045 664 4094 causae
691 4023 882 4115 diligentius
907 4025 1117 4119 prospexisse
1142 4047 1244 4118 quam
1269 4023 1450 4116 legentium
1477 4021 1659 4092 commodis
1685 4021 1858 4093 inservisse
1883 4019 2025 4090 viderer.

522 4173 619 4242 Hanc
644 4173 744 4264 igitur
769 4175 918 4266 opusculi
945 4175 1086 4245 formam
1112 4174 1339 4268 imperfectam
1365 4173 1465 4266 aequi
1490 4158 1635 4262 bonique
1661 4170 1835 4240 consulant
1859 4168 2036 4261 prudentes
2061 4169 2213 4240 lectores.

622 4469 746 4563 Scripsi
771 4469 914 4541 basiliae
940 4468 995 4540 die
1021 4470 1125 4574 altero
1152 4439 1224 4543 sesti
1249 4469 1413 4580 pascbalis
1438 4471 1659 4544 MDCCCLV.
