4982 6280
1056 580 1273 650 ..5-

370 781 485 871 Neque
511 789 622 847 tamen
649 777 683 846 in
710 800 750 846 eo
775 777 917 847 substitit
940 779 1162 859 Petersenins,
1198 787 1235 847 ut
1258 777 1535 870 apophthegmata
1569 777 1628 849 illa
1654 801 1696 846 ex
1721 777 1866 848 Caecilio
1892 777 2056 869 descripta

272 925 343 972 esse
368 912 529 984 moneret,
554 902 612 972 sed
631 903 714 972 scite
738 900 967 993 sagaciterque
993 902 1134 971 alterum
1158 901 1302 982 titulum,
1329 904 1386 995 qui
1404 901 1600 972 Polieratico
1626 901 1766 995 praefigi
1792 903 1886 982 solet,
1914 902 1960 971 de
1986 923 2055 971 nu-

271 1029 333 1120 gis
359 1028 582 1098 Curiatium
617 1038 655 1097 et
687 1026 872 1118 vestigiis
905 1026 1242 1120 philosophorum
1270 1049 1462 1119 expressum
1488 1049 1559 1097 esse
1586 1025 1712 1095 eddidit
1736 1026 1777 1095 ad
1803 1024 2054 1095 similitudinem

272 1162 304 1221 et
321 1150 456 1221 Caecilii
481 1152 578 1221 Balbi
604 1162 636 1219 et
653 1150 814 1234 Flaviani,
841 1172 941 1242 quem
968 1151 1089 1222 librum
1115 1151 1283 1244 quendam
1310 1152 1354 1221 de
1379 1152 1574 1244 vestigiis
1599 1151 1947 1246 pbilosophorum
1973 1172 2054 1220 eon-

271 1276 440 1368 scripsisse
466 1277 538 1368 ipse
563 1285 677 1346 auctor
703 1285 752 1346 est
775 1279 805 1346 J.
833 1277 964 1347 Saresb.
990 1280 1062 1348 Pol.
1089 1278 1130 1348 lt.
1157 1280 1216 1348 26.

367 1402 419 1470 En
447 1401 553 1494 ipsum
580 1401 750 1491 exemplar
776 1399 900 1470 codicis
920 1401 1195 1491 Hamburgcusis,
1222 1399 1355 1470 saeculo
1372 1401 1460 1480 xtv,
1486 1409 1523 1468 ut
1548 1408 1675 1490 putant,
1703 1397 1827 1490 scripti,
1855 1395 1944 1487 quod
1969 1392 2056 1463 mibi

269 1525 449 1596 Petersenii
484 1524 665 1595 liberalitas
700 1535 731 1593 et
765 1524 839 1594 aliis
873 1536 1004 1616 praeter
1038 1547 1092 1594 me
1125 1535 1271 1616 spectata
1306 1522 1538 1593 commodavit.
1589 1525 1620 1592 Is
1653 1521 1743 1590 enim
1768 1520 1886 1590 lolium
1910 1519 1993 1588 illud
2019 1517 2055 1587 iu

269 1671 382 1719 meum
407 1671 505 1718 usum
531 1646 784 1718 describendum
810 1648 946 1728 curavit,
973 1672 1072 1740 quam
1098 1672 1169 1718 rem
1195 1648 1416 1718 bibliothecae
1435 1646 1698 1738 flamburgeusis
1722 1645 1907 1738 praefectus
1932 1664 2054 1711 secun-

270 1770 399 1852 darius,
425 1772 485 1840 Dr.
512 1771 730 1852 Laurentius,
766 1779 856 1840 tanta
882 1771 1056 1860 diligentia
1081 1781 1272 1863 persecutus
1298 1782 1361 1855 est,
1394 1781 1431 1842 ut
1455 1794 1523 1840 non
1548 1771 1657 1840 solum
1682 1767 1878 1862 compendia
1902 1768 2053 1859 siglaqne

270 1893 392 1964 codicis
418 1905 571 1964 accurate
598 1903 756 1974 enotaret,
791 1893 974 1963 sedetiam
1005 1917 1099 1964 suam
1125 1896 1166 1965 de
1196 1896 1366 1966 nonnullis
1391 1896 1474 1966 locis
1507 1895 1669 1986 corruptis
1700 1893 1734 1962 in
1762 1894 1928 1984 integrum
1952 1891 2054 1961 resti-

267 2019 398 2090 tuendis
423 2021 621 2089 sententiam
647 2042 778 2089 meeum
802 2043 863 2113 per
888 2020 1012 2090 litteras
1039 2021 1310 2092 communicaret.

876 2321 911 2402 2.
954 2319 1090 2404 ttuux
1121 2319 1447 2405 lldltlBUllGENSlS.

316 2536 542 2605 Latrociuium
565 2535 709 2607 Cecilius
734 2534 854 2605 balbus
879 2537 902 2606 l.
931 2536 952 2605 3
981 2536 1022 2605 de
1048 2560 1113 2605 nu-

268 2659 318 2749 gis
344 2659 635 2752 philosopborum:
662 2683 737 2729 cum
756 2661 860 2752 pirata
886 2659 1113 2752 deprehensus

267 2783 309 2852 ad
335 2783 553 2854 alexandrum
579 2784 694 2854 ductus
720 2785 762 2854 ab
788 2783 859 2877 ipso
886 2785 1113 2878 interrogare-

267 2914 330 2986 tur,
363 2917 496 2998 propter
529 2907 618 2999 quod
648 2930 741 2976 mare
776 2907 913 2977 haberet
946 2909 1112 2992 infestum,

267 3030 448 3121 Respondit
473 3032 578 3100 libera
604 3032 831 3114 continencia,
866 3032 1113 3126 propterquod

199 3153 204 3164 ’
266 3162 301 3224 tu
327 3155 442 3225 orbem
468 3164 642 3226 terrarum.
682 3157 740 3226 sed
766 3158 846 3251 quia
873 3158 906 3229 id
933 3181 1000 3229 uuo
1027 3159 1112 3248 facio

265 3279 418 3369 nauigio,
453 3279 539 3348 latro
564 3303 676 3364 vocor,
708 3291 745 3350 tu
770 3281 850 3374 quia
883 3283 964 3350 lacis
990 3305 1113 3374 magna

266 3401 384 3484 classe,
422 3401 548 3471 vocaris
583 3402 773 3495 imperator.
812 3405 840 3474 si
875 3405 963 3474 solus
999 3417 1112 3498 eaptus

265 3525 365 3594 luerit
398 3526 590 3608 alexander,
626 3529 711 3597 latus
743 3529 824 3608 erit;
862 3529 890 3597 si
921 3530 963 3599 ad
996 3540 1111 3599 nutum

265 3646 407 3717 dionidis
434 3649 678 3720 familiarentur
703 3652 830 3744 populi,
867 3653 930 3722 erit
962 3652 1111 3723 dionides

264 3771 454 3864 imperator.
487 3774 667 3843 vocabatur
692 3775 782 3843 euim
814 3774 921 3867 pirata
948 3775 1110 3846 dionides.

264 3917 344 3964 nam
370 3897 528 3987 quoniam
554 3898 597 3968 ad
623 3921 756 3967 causam
782 3922 851 3988 non
867 3899 1023 3970 dillerunt
1048 3901 1112 3971 nisi

265 4019 342 4111 quia
369 4018 514 4088 deterior
540 4032 598 4100 est,
631 4021 689 4110 qui
715 4021 803 4112 rapit
832 4021 1024 4114 improbius,
1052 4025 1111 4116 qni

264 4141 430 4210 iusticiam
465 4142 602 4211 abiectis
640 4142 768 4226 decuit,
808 4168 907 4236 quam
941 4147 1000 4238 qui
1039 4171 1111 4217 rua-

263 4265 414 4336 nifestius
448 4267 621 4358 impugnat
654 4268 758 4359 leges.
797 4292 880 4360 quas
910 4293 973 4362 ego
1006 4272 1108 4364 fugio,

263 4399 298 4458 tu
323 4391 544 4483 persequeris,
571 4414 634 4484 ego
658 4415 811 4474 veneror,
839 4406 873 4464 tu
892 4397 1108 4489 contempnis.

263 4513 325 4583 boc
352 4537 425 4583 mec
450 4518 600 4586 fortunae
627 4517 783 4610 iniquitas
809 4520 1035 4590 etfamiliaris
1061 4523 1110 4592 rei

278 4688 331 4696 --
356 4690 424 4696 —-...
443 4691 454 4695 -
486 4691 654 4697 —.-...—-.—.
678 4691 892 4698 ..-..——-.——

306 4783 527 4856 scocunencta]
549 4787 642 4845 scrib.
657 4791 846 4848 conmmoca'e.
875 4791 894 4861 ΙΙ
923 4789 1109 4861 oterrerum]

261 4881 296 4941 In
318 4881 386 4942 cod.
407 4889 515 4944 terrum
537 4885 684 4962 scriptum
708 4897 778 4948 esse
793 4887 926 4947 videtur.
948 4882 965 4951 ll
991 4887 1110 4964 elutus]

262 4981 353 5040 scrib.
375 4981 459 5043 latro
491 4974 509 5043 ll
542 4996 575 5044 to
588 4985 818 5061 fontlturentur]
845 4987 938 5046 scrib.
962 4987 1112 5064 famulen-

261 5084 319 5138 ter.
347 5083 364 5154 Η
394 5079 510 5156 populi]
537 5080 610 5141 Cod.
635 5101 690 5158 pp:
718 5081 806 5143 Laur.
829 5091 999 5162 propterea,
1030 5086 1113 5161 quod

261 5174 369 5236 dubito
391 5193 429 5236 an
451 5181 567 5237 rectum
589 5179 638 5238 sit.
665 5173 681 5242 ll
708 5182 902 5259 ltquontanr]
925 5183 999 5245 Cod.
1020 5175 1102 5262 p,¹⁸.ll

265 5279 300 5334 tt
314 5274 429 5334 obtectis
451 5277 545 5336 decuit
569 5295 654 5354 quum
682 5277 745 5356 qut]
775 5281 903 5360 corrige
929 5299 968 5343 ex
995 5284 1023 5344 J.
1044 5284 1110 5344 Sar.

262 5371 398 5434 allectus
418 5374 533 5450 macru,
554 5379 612 5453 put.

476 5497 491 5532 0

1254 2540 1284 2610 J.
1312 2540 1395 2608 Sar.
1422 2539 1505 2608 Pol.
1538 2539 1608 2607 111.
1636 2560 1664 2606 o.
1694 2536 1750 2605 ld.
1781 2533 1881 2604 med.
1932 2533 2052 2604 Eidem

1202 2655 1422 2753 (Alexandro)
1449 2685 1582 2755 quoque
1601 2662 1773 2752 eleganter
1798 2669 1831 2729 et
1855 2681 1932 2729 vere
1959 2680 2052 2728 com-

1204 2787 1389 2876 prehensus
1406 2787 1512 2880 pirata
1528 2786 1682 2857 scribitur
1707 2785 1926 2878 respondisse.
1965 2782 2051 2852 Cum

1207 2912 1295 2980 enim
1320 2911 1512 2982 Alexander
1538 2911 1767 3002 interrogaret,
1794 2909 1874 3002 quid
1901 2909 1932 2978 ei
1957 2908 2052 2978 vide-

1205 3045 1295 3104 retur
1321 3034 1408 3127 quod
1435 3057 1527 3105 mare
1553 3032 1691 3104 haberet
1715 3035 1887 3115 infestum,
1921 3033 1979 3102 illc
2005 3031 2049 3101 li·
2084 3056 2100 3107 5

1204 3160 1286 3229 bera
1313 3159 1536 3242 contumacia,
1563 3158 1654 3243 Quid
1685 3159 1765 3242 tibi,
1800 3157 1928 3251 inquit,
1955 3164 1991 3225 ut
2016 3165 2051 3225 tu

1204 3282 1320 3351 orbem
1346 3291 1522 3352 terrarum.
1562 3281 1628 3352 Sed
1646 3282 1726 3377 quia
1748 3281 1782 3352 id
1808 3305 1871 3376 ego
1897 3302 1964 3350 uno
1988 3302 2051 3350 na-

1203 3405 1294 3498 vigio
1330 3406 1433 3489 lacio,
1474 3407 1559 3477 latro
1592 3430 1712 3489 vocor;
1747 3407 1826 3500 quia
1858 3416 1894 3476 tu
1926 3425 2051 3496 magna

1204 3532 1322 3613 classe,
1351 3531 1472 3602 diceris
1497 3533 1688 3625 imperator.
1729 3532 1763 3602 Si
1780 3532 1870 3602 solus
1888 3539 1920 3600 et
1937 3538 2050 3622 captus

1205 3655 1246 3724 sit
1263 3655 1466 3738 Alexander,
1493 3658 1576 3726 latro
1602 3657 1683 3740 erit;
1709 3657 1738 3726 si
1762 3657 1805 3726 ad
1830 3665 1947 3725 nutum
1964 3653 2049 3724 Dio·
2067 3675 2099 3728 1⁰

1203 3778 1274 3847 nidi
1308 3779 1423 3871 populi
1453 3780 1665 3862 famulentur,
1701 3780 1763 3848 erit
1787 3777 1948 3848 Dionides
1984 3778 2050 3846 im-

1204 3917 1347 3996 perator.
1386 3907 1472 3974 Nam
1498 3903 1608 3996 quoad
1633 3926 1767 3974 causam
1789 3926 1856 3972 non
1881 3902 2048 3986 differunt,

1205 4027 1269 4096 nisi
1294 4028 1373 4120 quia
1399 4027 1544 4097 deterior
1570 4037 1633 4108 est,
1660 4027 1718 4119 qui
1742 4027 1829 4118 rapit
1853 4025 2047 4118 improbius,

1203 4151 1261 4244 qui
1288 4151 1451 4223 iusticiam
1484 4153 1644 4224 abiectius
1677 4151 1814 4232 deserit,
1848 4150 1906 4244 qui
1938 4149 2049 4219 mani-

1203 4274 1316 4344 lestius
1343 4275 1516 4366 impugnat
1541 4275 1643 4367 leges.
1682 4274 1773 4357 Quas
1791 4274 1880 4344 enim
1904 4297 1966 4368 ego
1991 4274 2046 4344 lu·
2065 4294 2095 4346 1⁵

1203 4397 1276 4490 gio,
1303 4409 1337 4470 tu
1363 4401 1582 4492 persequeris,
1614 4423 1677 4494 ego
1702 4409 1870 4493 utcunque
1895 4421 2046 4480 veneror,

1202 4535 1237 4594 tu
1263 4524 1458 4594 contemnis.
1502 4527 1556 4596 blo
1581 4525 1734 4595 fortunae
1760 4525 1916 4618 iniquitas
1942 4535 1974 4592 et
1997 4523 2048 4592 rei

1244 4809 1259 4855 a
1274 4791 1512 4870 comprobasses]
1534 4795 1700 4872 Utrumque
1714 4797 1795 4857 bene
1809 4813 1881 4856 sese
1895 4796 1999 4870 habet,
2017 4799 2048 4856 et

1201 4895 1273 4970 boe,
1300 4898 1333 4954 ot
1353 4893 1436 4969 quod
1459 4893 1491 4953 in
1512 4891 1618 4954 Hamb.
1638 4896 1784 4972 seriptum
1810 4897 1859 4955 est
1885 4893 2047 4968 wetm-

1201 5008 1267 5052 sus:
1293 5009 1388 5067 quaro
1414 4991 1457 5050 nil
1483 4993 1534 5053 bie
1560 4994 1748 5053 mutaverim.
1778 4989 1795 5061 ll
1828 5005 1861 5055 ts
1874 4989 2046 5068 improbius]

1202 5089 1283 5150 Wer
1304 5090 1355 5150 dis
1377 5088 1477 5151 Saobe
1497 5091 1529 5151 in
1550 5094 1773 5170 grossartigsm
1792 5091 1966 5151 blassstabe
1986 5091 2047 5150 be-

1203 5188 1307 5262 treibt,
1329 5189 1372 5249 ist
1386 5189 1666 5251 derScbleobtere.
1690 5192 1707 5261 ΙΙ
1736 5204 1767 5252 to
1780 5189 1937 5270 uteunque]
1959 5189 2045 5252 editt

1203 5285 1354 5361 quasdam
1374 5288 1406 5348 ln
1426 5290 1563 5366 margine
1584 5295 1743 5366 stratuque.
