4982 6280
580 2344 687 2463 Haec
718 2390 788 2483 iere
821 2402 909 2476 sunt,
928 2415 1030 2499 ,quae
1057 2385 1100 2463 en
1124 2390 1294 2462 codicibus
1329 2401 1514 2462 occeani
1546 2391 1617 2484 ipse
1649 2390 1808 2484 descripsi
1842 2403 1898 2462 aul
1926 2391 1968 2462 ah
1994 2391 2070 2461 aliis
2106 2391 2271 2484 descripta

478 2518 605 2612 accepi,
631 2519 684 2590 vel
709 2517 855 2612 denique
880 2541 923 2588 ex
948 2517 1115 2588 veteribus
1139 2515 1233 2587 libris
1259 2515 1392 2607 collegi,
1419 2516 1558 2587 Caecilii
1575 2517 1641 2588 alia
1658 2517 1794 2594 nomine
1821 2517 1990 2611 inscripta,
2017 2517 2084 2588 alia
2103 2519 2272 2597 ἀδέσποτα

478 2641 627 2738 quidem,
661 2642 720 2712 sed
752 2665 839 2735 quae
872 2641 1022 2712 eiusdem
1060 2663 1131 2712 esse
1158 2640 1341 2711 Caeciliani
1374 2640 1484 2734 operis
1518 2641 1615 2711 facile
1649 2652 1859 2732 agnoscatur.
1910 2641 2160 2735 Lindenboogio
2194 2663 2270 2713 cum

478 2765 582 2838 semel
608 2765 745 2837 Caecilii
769 2765 866 2836 Balbi
892 2766 1079 2858 fragmenta
1104 2765 1146 2836 ad
1171 2787 1290 2837 manus
1316 2764 1416 2835 luisse
1442 2776 1649 2858 compertum
1675 2776 1771 2848 esset,
1798 2767 2005 2839 Petersenius
2037 2766 2174 2837 schedas
2200 2776 2273 2859 post

478 2890 549 2962 cius
574 2899 714 2961 mortem
739 2890 941 2984 superstites,
976 2913 1062 2984 quae
1087 2890 1123 2960 in
1148 2889 1351 2961 bibliotheca
1376 2889 1624 2980 Hamhurgensi
1656 2903 1877 2974 asservantur,
1908 2891 2162 2983 diligentissime
2194 2913 2271 2960 eum

477 3013 513 3084 in
539 3013 641 3084 finem
666 3025 888 3110 perscrutatus
914 3025 974 3099 est,
1006 3015 1134 3086 utalia
1160 3037 1294 3109 quoque
1319 3013 1394 3084 eius
1428 3013 1596 3108 scriptoris
1621 3014 1806 3107 fragmenta
1838 3016 2067 3108 investigaretc
2094 3039 2210 3088 verum
2236 3013 2270 3084 in

477 3135 541 3208 bac
565 3161 603 3209 re
629 3160 649 3208 a
674 3137 807 3209 fortuna
832 3138 991 3209 derelicto
1016 3161 1085 3208 non
1110 3139 1219 3209 solum
1244 3137 1330 3207 nibil
1354 3138 1445 3220 novi,
1471 3137 1528 3208 sed
1556 3161 1598 3208 ne
1624 3161 1741 3210 eorum
1767 3139 1901 3233 quidem
1928 3139 2100 3233 exemplar
2122 3138 2287 3232 reperire·

478 3261 626 3354 contigit,
660 3284 748 3356 quae
781 3261 888 3354 capite
922 3272 1040 3354 quarto
1071 3254 1185 3354 (supro
1216 3283 1293 3354 pag.
1332 3260 1376 3330 13
1410 3255 1517 3355 seqq.)
1549 3285 1591 3331 ex
1625 3262 1818 3356 apographo
1851 3263 2021 3334 Haasiano
2054 3262 2157 3333 edidi:
2193 3261 2271 3331 inde

477 3385 615 3458 schedas
640 3385 683 3457 ab
708 3385 834 3458 Haasio
858 3385 1039 3480 descriptas
1065 3385 1141 3457 vivo
1167 3385 1277 3456 adhoc
1294 3385 1545 3476 Lindenbrogio
1570 3385 1605 3455 in
1631 3386 1716 3455 alius
1742 3385 1913 3457 cuiusdam
1930 3388 1971 3457 V.
1989 3387 2031 3456 D.
2049 3407 2167 3456 manus
2191 3408 2272 3479 per·

476 3510 607 3582 venisse
633 3509 851 3581 concluditur.
902 3512 1019 3605 Neque
1052 3518 1164 3580 tamen
1199 3509 1232 3579 in
1259 3508 1311 3579 bis
1343 3508 1626 3602 acquiescendum
1657 3530 1730 3579 esse
1764 3521 1856 3602 puto,
1890 3509 2015 3603 quippe
2049 3509 2106 3603 qui
2133 3507 2270 3580 Caecilii

476 3656 600 3704 nomen
625 3633 693 3704 iam
719 3632 846 3703 dudum
863 3633 1030 3705 oblivione
1055 3633 1212 3705 obrutum
1239 3655 1309 3702 esse
1327 3633 1442 3716 sciam,
1469 3632 1620 3704 sedilios
1644 3633 1855 3727 potissimum
1873 3634 1976 3704 medii
1994 3634 2066 3706 aevi
2091 3634 2270 3726 scriptores

478 3757 655 3850 diligenter
680 3757 928 3850 pertractandos
953 3757 1146 3851 iteratisque
1172 3758 1260 3828 curis
1287 3757 1502 3829 excutiendos
1527 3781 1599 3827 esse
1624 3757 1777 3840 arbitror,
1812 3780 1894 3850 quos
1920 3781 2022 3851 opere
2047 3769 2159 3828 nostro
2192 3757 2271 3828 licet

477 3883 611 3976 ignaros
636 3884 778 3955 auctoris
804 3905 881 3954 usos
906 3907 978 3954 esse
1003 3893 1140 3966 constat,
1166 3883 1379 3955 vincentium
1404 3884 1481 3955 dico
1502 3883 1773 3955 Bellovacensem
1798 3874 1837 3972 (1
1863 3881 1996 3952 circiter
2020 3904 2074 3952 an.
2105 3876 2212 3971 1261)
2239 3891 2272 3950 et

477 4008 860 4082 WalterumBurleium
884 4000 1223 4099 (11111111310)
1249 4007 1284 4077 in
1310 4008 1577 4079 adnotationibus
1603 4007 1685 4076 meis
1712 4007 1833 4099 passim
1860 4006 2023 4077 laudatos.
2059 4007 2268 4099 Quamquam

476 4129 519 4200 ad
544 4131 676 4201 loannis
710 4132 782 4201 Sar.
809 4152 942 4225 quoque
974 4132 1207 4202 Policraticum
1242 4155 1330 4202 anno
1368 4115 1462 4202 1159
1494 4131 1651 4224 scriptum
1686 4131 1801 4201 redeat
1834 4133 1938 4202 oratio
1974 4154 2110 4202 necesse
2143 4141 2202 4214 est,
2238 4141 2271 4200 et

477 4255 512 4324 in
539 4255 623 4325 alios
648 4265 884 4352 praeteream
911 4267 1061 4326 auctores
1086 4255 1323 4348 inquirendum
1349 4255 1486 4328 fortasse
1521 4265 1603 4336 erat,
1638 4256 1831 4349 praesertim
1865 4256 1898 4325 in
1925 4256 2163 4340 Helinandum,
2195 4248 2268 4343 (111.

477 4378 565 4449 inira
590 4402 663 4472 cap.
690 4374 726 4471 8)
759 4380 852 4450 11111
877 4378 1036 4450 chronica
1061 4402 1104 4449 ex
1137 4388 1231 4472 parte
1262 4381 1378 4450 saltem
1412 4380 1497 4473 typis
1529 4379 1697 4471 divulgata
1730 4379 1814 4449 mibi
1843 4402 1910 4450 non
1942 4380 1984 4450 ad
2017 4403 2136 4451 manus
2169 4380 2268 4450 iuisse

477 4525 688 4597 summopere
719 4503 827 4575 doleo.
881 4503 947 4574 Sed
976 4527 1051 4574 cum
1084 4504 1137 4576 vel
1168 4503 1217 4574 sic
1248 4501 1305 4573 hic
1336 4504 1470 4574 libellus
1505 4513 1610 4572 totum
1642 4524 1697 4571 me
1730 4513 1927 4595 occupatum
1960 4503 2114 4586 tenuerit,
2149 4502 2269 4571 omisso

477 4627 669 4699 Holinando
695 4627 1116 4708 11111111111111111.,111.
1143 4649 1215 4720 cap.
1246 4626 1523 4697 1111111111
1548 4626 1788 4719 videamusque
1823 4627 1933 4709 simul,
1960 4627 2082 4720 quihus
2115 4627 2186 4696 nixi
2212 4649 2269 4697 ar·

478 4751 643 4844 gumentis
669 4751 759 4822 illios
784 4750 900 4843 capitis
924 4773 1082 4844 magnam
1107 4761 1236 4844 partem
1262 4752 1408 4844 itemque
1439 4751 1523 4821 alios
1549 4749 1735 4822 Policratici
1768 4752 1858 4822 locos
1884 4773 1928 4821 ex
1953 4750 2100 4823 Caecilio
2133 4749 2269 4821 fluxisse

478 4874 700 4945 statuerimus.

815 5156 846 5239 1.
883 5107 1339 5240 111111111111.
1392 5153 1637 5242 11111111.
1687 5152 1931 5239 monemus

575 5315 666 5385 luter
680 5314 750 5385 lon.
768 5313 1028 5386 saresberiensis
1054 5337 1156 5407 opera
1181 5313 1276 5397 illud,
1304 5313 1392 5408 quod
1417 5313 1581 5406 philologi
1606 5335 1674 5382 nou
1700 5322 1768 5383 tam
1793 5323 1929 5406 propter
1953 5311 2056 5405 ipsius
2081 5309 2268 5384 doctrinam

478 5437 520 5508 de
545 5439 801 5511 christianorum
832 5437 899 5510 fide
929 5461 1030 5534 quam
1063 5448 1198 5531 propter
1222 5439 1404 5510 multomm
1435 5437 1640 5530 antiquitatis
1672 5436 1870 5530 scriptorum
1903 5436 1978 5505 loca
2003 5434 2045 5505 ab
2072 5457 2111 5505 eo
2137 5434 2269 5506 laudato
