4982 6280
1239 609 1486 678 ...26-

926 806 1032 898 turpis
1090 805 1252 896 sculptam
1308 803 1515 888 ostenderet,
1572 804 1728 876 omuibus
1778 805 1813 874 in
1864 827 1905 876 ea
1955 805 2038 877 locis
2094 805 2258 901 lapidibus

927 942 960 1001 et
993 954 1075 1002 auro
1109 931 1309 1013 nitentibus,
1348 931 1383 1000 iu
1415 931 1534 1001 taciem
1569 930 1696 1000 domini
1735 929 1867 1023 expuit,
1907 928 2058 1025 dixitque
2095 953 2131 1000 se
2163 929 2255 1000 aliud
2291 947 2307 998 5

566 1072 655 1126 xvm
681 1073 723 1124 De
738 1071 901 1124 manentes.
926 1055 1025 1125 vilius
1050 1056 1084 1124 iu
1111 1055 1170 1125 illa
1195 1054 1296 1123 domo
1322 1075 1389 1122 uon
1414 1053 1615 1146 respexisse.
1847 1054 1899 1122 De
1923 1055 2109 1124 moliendos

876 1191 900 1240 1·
926 1179 1042 1262 Zenon,
1069 1201 1147 1248 cum
1181 1178 1325 1248 filiorum
1351 1199 1451 1281 causa
1484 1199 1624 1247 uxorem
1656 1177 1842 1248 ducendam
1873 1178 1904 1247 ei
1930 1178 2029 1248 amici
2063 1177 2255 1260 suasissent,

926 1302 1042 1372 domus
1081 1325 1161 1374 suae
1200 1323 1367 1371 cameram
1406 1301 1554 1372 tesselati
1592 1303 1781 1394 praecepit:
1820 1311 1853 1371 et
1885 1324 1962 1372 cum
2000 1302 2042 1372 ab
2076 1322 2118 1370 eo
2155 1300 2254 1372 amici

924 1427 1150 1520 quaesissent,
1197 1449 1256 1496 cur
1305 1448 1371 1494 uon
1415 1426 1521 1517 magis
1570 1426 1653 1496 solvi
1704 1426 1851 1507 iuberet,
1902 1427 1994 1497 Uxor
2038 1424 2103 1495 huc
2149 1424 2253 1495 iutro-

924 1550 1075 1621 ducenda
1118 1561 1185 1631 est,
1237 1551 1364 1642 inquit,
1415 1574 1501 1642 quae
1543 1574 1620 1622 cum
1663 1551 1799 1621 domum
1841 1551 2057 1633 couverterit,
2109 1551 2144 1620 in
2186 1560 2252 1619 tes-
2269 1568 2303 1620 so

924 1675 1027 1746 solato
1053 1674 1247 1746 ambulabit.

873 1811 898 1861 2·
923 1801 1024 1870 Nulla
1049 1810 1117 1868 tam
1143 1798 1229 1870 bona
1249 1809 1299 1869 est
1323 1823 1420 1885 uxor,
1448 1802 1481 1869 in
1500 1824 1568 1894 qua
1593 1824 1660 1870 non
1686 1801 1836 1872 invenias
1861 1800 1952 1895 quod
1968 1800 2129 1895 queraris.
2164 1800 2253 1868 Idem

794 1937 818 1988 a.
834 1937 859 1988 a.
871 1936 897 1987 b.
923 1922 1046 1993 Animo
1059 1921 1168 1992 virum
1185 1921 1319 2015 pudica,
1337 1947 1404 1993 uon
1423 1925 1527 1994 oculis
1545 1925 1657 2015 eligit:
1679 1924 1801 2017 pudica
1818 1947 1911 2018 spem
1927 1925 2068 2016 quaerit,
2086 1946 2152 1993 non
2168 1945 2250 1993 rem.

831 2056 855 2105 4.
873 2054 896 2106 ⁶·
922 2045 1044 2116 Mulier
1057 2045 1206 2138 speciosa
1220 2047 1380 2138 templum
1396 2057 1444 2116 est
1457 2047 1666 2118 aedificatum
1681 2071 1781 2140 super
1794 2050 1953 2118 cloacam.
1969 2048 2167 2138 Pytbogorcs
2179 2046 2250 2114 dic.

924 2171 1000 2240 Duo
1039 2191 1165 2260 genera
1202 2168 1327 2238 babent
1364 2170 1398 2238 in
1435 2169 1541 2240 oculis
1579 2171 1779 2240 teminorum
1818 2171 1996 2250 lacrimae:
2037 2171 2119 2240 certi
2155 2169 2252 2238 dolo-
2269 2182 2302 2235 rs

468 2301 598 2370 xvn,b.
622 2302 663 2354 De
679 2298 795 2367 urenda
812 2299 898 2352 domo·
923 2292 970 2362 ris
996 2315 1111 2374 unum,
1139 2291 1333 2361 insidiarum
1360 2290 1461 2361 aliud.
1561 2294 1613 2362 Dc
1636 2296 1773 2385 rependo
1798 2294 1890 2363 domo
1915 2293 2057 2363 Socrates

923 2440 1000 2488 cum
1039 2417 1176 2510 quidam
1215 2441 1256 2485 ex
1296 2417 1366 2486 eius
1404 2417 1552 2487 doctrina
1595 2419 1679 2489 bene
1718 2419 1828 2489 meriti
1866 2418 2019 2512 discipuli
2060 2417 2253 2488 recederent

922 2550 1078 2634 rogantes
1104 2564 1193 2623 eum,
1220 2555 1258 2611 ut
1282 2542 1416 2634 aliquod
1443 2554 1655 2637 praeceptum
1682 2545 1886 2615 ordinandae
1913 2567 1955 2614 ex
1980 2567 2021 2614 eo
2044 2544 2253 2637 perciperent

921 2667 1029 2747 vitae,
1056 2667 1089 2736 iu
1116 2689 1214 2736 suum
1240 2689 1297 2736 eos
1323 2665 1549 2739 deversorium
1576 2692 1689 2739 seeum
1714 2670 1829 2739 venire
1855 2669 1949 2749 iecit,
1979 2667 2253 2760 venientibusque

971 2789 1182 2882 Xanthippen
1231 2815 1371 2862 uxorem
1417 2816 1513 2864 suam
1557 2794 1591 2862 in
1638 2795 1863 2886 superioribus
1902 2795 2111 2865 constitutam
2149 2813 2252 2864 voca·
2268 2807 2303 2860 no

921 2913 968 2982 vit
1002 2913 1162 3006 iussitque
1196 2938 1292 2997 vasa,
1329 2916 1430 2986 melle
1465 2918 1518 2986 vel
1550 2905 1625 2987 oleo
1656 2918 1756 3009 plena
1791 2940 1878 3009 quae
1914 2929 2040 3000 essent,
2078 2925 2254 3008 ceteraque

923 3037 1066 3130 desuper
1091 3050 1127 3107 ut
1152 3039 1312 3108 eiecisset.
1353 3039 1451 3123 Quod
1478 3063 1554 3111 cum
1573 3042 1631 3111 illa
1657 3063 1778 3133 parens
1803 3052 1981 3133 praecepto
2005 3038 2178 3110 confestim
2204 3038 2256 3109 fa-

923 3172 1022 3240 ceret,
1049 3162 1290 3233 admirantibus
1321 3163 1491 3256 discipulis
1516 3165 1580 3234 ait:
1613 3166 1649 3235 si
1681 3165 1766 3235 hane
1798 3167 1831 3234 in
1858 3163 2010 3234 domibus
2043 3163 2160 3235 vestris
2193 3183 2250 3231 re·
2267 3172 2350 3228 aas.

554 3296 657 3350 xvm
682 3297 723 3350 ne
740 3297 899 3349 emesenus.
922 3308 997 3355 rum
1023 3297 1217 3378 potestatem
1243 3287 1439 3370 habueritis,
1467 3290 1600 3360 beatam
1624 3289 1725 3358 vitam
1751 3288 1942 3380 disponetis.
1989 3290 2040 3359 De
2065 3288 2252 3358 obedientie.

585 3423 665 3476 xm
689 3423 731 3475 Do
748 3423 838 3475 tuos
874 3426 898 3474 1.
923 3411 1044 3479 Parere
1069 3409 1155 3479 scire
1181 3434 1258 3481 cum
1283 3411 1469 3504 imperante
1491 3413 1640 3507 aequalis
1667 3423 1716 3482 est
1741 3413 1860 3503 gloria.
1898 3413 1950 3482 De
1974 3413 2075 3482 bcrbo
2090 3411 2254 3502 Lysander

459 3640 711 3711 Drscunrsnrrs
739 3639 825 3709 Con.
850 3640 1081 3712 Monacensis:
1114 3637 1156 3707 ll
1181 3644 1349 3734 pitagorae
1383 3635 1402 3716 ll
1443 3646 1485 3720 19
1513 3646 1723 3715 diversorium
1759 3633 1777 3714 ll
1814 3651 1860 3714 20
1884 3645 2052 3737 :occupes
2087 3633 2106 3715 ll
2142 3642 2201 3713 87.
2218 3641 2252 3711 b.

930 3765 945 3832 1
974 3767 1236 3880 sirisznostu's
1273 3759 1290 3840 ll
1327 3770 1502 3860 3porccre
1537 3764 1554 3844 ll
1592 3771 1733 3840 lisanda:
1768 3766 1786 3846 ll

801 3939 929 3944 ---—
946 3937 1087 3945 .-.——-
1104 3939 1225 3946 ——-.—-
1245 3939 1386 3946 ...η-...ψ-
1408 3941 1443 3946 .--
1498 3941 1507 3946 -
1522 3942 1564 3947 --
1887 3943 1923 3950 ..-
1943 3945 1950 3950 .
1964 3941 2245 3950 ...μ-*Ἀω-

458 4028 614 4107 Protropi.
642 4030 681 4090 ad
706 4032 792 4090 artes
819 4047 884 4108 cap.
910 4033 938 4091 8.
964 4030 1028 4091 loa.
1050 4029 1212 4107 Chrysost.
1239 4029 1367 4091 homilia
1391 4034 1427 4090 11
1451 4031 1482 4090 in
1508 4033 1598 4110 epist.
1620 4029 1709 4090 Pauli
1733 4030 1773 4089 ad
1793 4029 1879 4090 Rom.
1918 4028 1972 4090 W.
1993 4029 2027 4088 B.
2048 4028 2138 4106 biog.
2179 4026 2254 4088 Cum

458 4128 583 4204 quidam
603 4127 696 4188 bomo
717 4126 738 4186 l.
760 4131 781 4187 t.
804 4128 874 4188 sed
895 4127 1005 4188 dives
1028 4129 1216 4190 admodum
1238 4128 1333 4197 (haee
1355 4128 1467 4190 desunt
1488 4130 1520 4189 in
1540 4130 1636 4202 Mon.)
1660 4131 1778 4190 domum
1799 4146 1884 4189 suam
1903 4128 2032 4207 Diogeni
2053 4127 2251 4202 ostendisset,

459 4243 487 4288 o.
508 4227 539 4285 in
564 4242 601 4286 ea
623 4225 644 4286 l.
666 4243 742 4286 auro
764 4243 791 4285 n.
815 4226 846 4285 in
868 4225 889 4286 i.
911 4226 1044 4286 hominis
1065 4225 1149 4286 illius
1172 4228 1304 4303 exspuit.
1343 4228 1557 4306 Interrogatus
1579 4245 1664 4303 vero,
1685 4245 1739 4288 eur
1758 4227 1820 4288 boc
1840 4226 1968 4304 laceret,
1994 4228 2052 4288 ait:
2078 4228 2156 4297 Quia
2176 4225 2253 4286 nibil

458 4326 543 4387 aliud
565 4330 626 4385 tam
646 4325 711 4385 vilo
732 4325 764 4386 in
787 4325 842 4384 illa
862 4322 953 4385 domo
974 4325 1116 4394 vidisset.
1169 4319 1187 4400 ΙΙ
1238 4325 1393 4402 xv11‚2.
1435 4324 1469 4383 Ρ.
1490 4325 1559 4402 Syr.
1588 4329 1635 4387 ed.
1656 4325 1773 4386 Erasm.
1801 4327 1877 4386 258:
1904 4325 1996 4385 Nulla
2019 4331 2068 4386 est
2088 4331 2151 4388 tam
2172 4328 2254 4388 bona

457 4423 630 4500 fortuna,
659 4425 698 4484 de
720 4441 779 4500 qua
800 4424 844 4484 nil
870 4423 974 4501 possis
996 4423 1105 4500 quaeri
1132 4421 1209 4501 (leg.
1230 4423 1338 4501 querc).
1380 4424 1430 4484 0r.
1453 4427 1522 4500 et1,
1543 4426 1613 4486 Zell
1634 4426 1707 4486 992:
1732 4423 1768 4482 N.
1789 4429 1809 4485 t.
1832 4423 1860 4484 b.
1881 4427 1932 4483 est
1953 4421 2085 4500 fortuna,
2112 4423 2202 4502 deq.
2224 4443 2252 4486 n.

457 4541 487 4601 p.
510 4540 538 4599 q.
579 4521 616 4582 V.
638 4520 672 4580 Β.
695 4539 740 4600 sp.
761 4523 791 4582 d.
812 4526 840 4600 5,
863 4523 933 4582 126:
963 4519 1012 4582 Ex
1032 4523 1210 4600 proverbiis
1232 4522 1420 4600 sapientum.
1451 4521 1486 4584 N.
1510 4527 1531 4582 t.
1552 4524 1581 4583 b.
1602 4522 1735 4596 fortuna,
1757 4539 1817 4598 qua
1837 4521 1916 4581 nibil
1936 4523 2040 4599 possis
2061 4523 2158 4599 queri.
2199 4522 2252 4582 W.

456 4621 492 4682 Β.
514 4620 600 4682 Soor.
641 4620 760 4680 Nulla.
785 4664 792 4678 .
813 4665 820 4680 .
841 4663 849 4679 .
872 4621 1022 4696 queraris.
1071 4611 1089 4684 ll
1138 4619 1235 4696 XVII,
1258 4621 1285 4679 3.
1312 4623 1339 4694 3,
1360 4621 1389 4682 b.
1431 4619 1484 4680 W.
1505 4620 1540 4681 Β.
1581 4622 1691 4683 Αιιίιιιο
1713 4665 1720 4678 .
1741 4665 1749 4680 .
1773 4667 1779 4678 .
1802 4665 1808 4680 .
1831 4619 1933 4696 eligit:
1963 4621 2105 4696 impudico
2129 4623 2253 4695 speciem

457 4739 487 4798 q.
508 4737 569 4780 non
591 4735 671 4780 esse.
720 4712 738 4784 ll
792 4731 825 4780 ta
845 4720 951 4794 pvdtoc
977 4718 1069 4796 spem]
1098 4720 1191 4779 sorib.
1218 4721 1361 4795 impudico
1385 4724 1508 4796 spectem
1535 4737 1601 4780 cum
1622 4719 1676 4778 W.
1696 4717 1730 4779 Β.
1779 4715 1796 4785 ll
1848 4717 1990 4795 xv11,a
2031 4718 2083 4777 W.
2106 4717 2141 4778 Β.
2166 4717 2251 4778 Socr.

387 4890 390 4908 .
456 4819 497 4880 M.
519 4836 564 4896 sp.
586 4826 614 4878 et
631 4817 719 4878 :tuto
740 4816 785 4888 (et
799 4817 905 4893 potero
925 4818 997 4878 Alb.
1018 4819 1057 4878 ab
1079 4817 1148 4894 Eyb
1170 4836 1265 4895 marg.
1287 4817 1386 4895 poet.)
1408 4823 1428 4879 t.
1450 4835 1476 4878 e.
1498 4835 1522 4878 s.
1544 4835 1568 4878 o.
1590 4817 1760 4878 aedificata.
1797 4815 1885 4887 (Alb.
1907 4817 1946 4878 ab
1967 4815 2036 4893 Eyb
2058 4820 2146 4878 reete
2167 4816 2252 4876 cedi·

455 4917 599 4992 ficetum.)
649 4911 666 4982 ll
717 4915 819 4992 XVII,
846 4918 872 4976 5.
915 4915 968 4975 W.
994 4915 1029 4974 B.
1056 4916 1188 4994 Pythag.
1228 4916 1263 4975 Ι).
1284 4916 1305 4975 l.
1333 4935 1362 4995 g.
1389 4919 1460 4977 sunt
1486 4917 1517 4976 in
1544 4934 1571 4978 o.
1597 4917 1767 4978 mulierum:
1796 4921 1858 4976 ceri
1887 4917 2006 4977 doloris
2028 4935 2056 4976 u.
2077 4917 2096 4975 i.
2117 4933 2145 4976 a.
2186 4913 2250 4976 cfr.

456 5017 491 5077 P.
512 5015 583 5095 Syr.
605 5018 665 5077 tao
688 5015 737 5076 0r.
762 5013 840 5084 (tes
860 5011 957 5086 Zelll:
979 5014 1140 5074 Muliebris
1162 5014 1289 5074 lacrima
1312 5015 1536 5087 condimentum
1557 5015 1693 5076 malitiae
1715 5018 1772 5076 est.
1812 5013 1829 5083 ll
1873 5015 1968 5092 XVII,
1990 5015 2021 5074 b.
2052 5015 2105 5074 W.
2118 5013 2153 5074 Β.
2166 5012 2252 5074 Socr.

458 5114 532 5176 Cum
553 5157 561 5174 .
581 5159 589 5174 .
611 5159 618 5173 .
640 5159 647 5174 .
670 5113 895 5174 discederent.
920 5156 927 5170 .
948 5156 955 5171 .
978 5156 984 5170 .
1007 5113 1090 5172 vltae
1116 5113 1155 5172 ab
1188 5129 1225 5173 eo
1256 5113 1463 5191 perciperent,
1495 5113 1587 5174 iussit
1616 5131 1670 5174 eos
1697 5116 1726 5174 iu
1753 5114 1965 5174 deversorium
1995 5129 2098 5174 secum
2130 5113 2251 5187 venire,

457 5228 646 5288 uxoremque
668 5212 699 5270 in
720 5253 728 5270 .
751 5257 757 5270 .
780 5256 787 5269 .
809 5255 816 5270 .
838 5210 929 5270 melle
951 5217 980 5269 ct
1000 5211 1072 5271 oleo
1094 5210 1184 5287 plena
1205 5214 1238 5271 ut
1259 5217 1410 5285 ruminet,
1431 5210 1713 5287 admirantibusque
1734 5213 1762 5274 d
1785 5257 1792 5272 .
1814 5258 1821 5272 .
1844 5259 1850 5272 .
1871 5258 1878 5272 .
1898 5216 2003 5273 cestris
2024 5256 2032 5270 .
2053 5257 2060 5272 .
2082 5258 2089 5274 .
2112 5257 2119 5271 .
2141 5213 2251 5290 dispo-

458 5311 548 5370 netis.
598 5309 615 5382 ΙΙ
666 5322 702 5370 22
725 5312 859 5368 mederet
878 5341 918 5352 -
937 5306 1067 5386 feceret]
1088 5307 1256 5369 Dicendum
1278 5315 1346 5369 erat
1367 5310 1470 5388 potius
1491 5313 1609 5370 eticcrct
1629 5315 1662 5372 et
1678 5315 1805 5390 [censet.
1854 5305 1872 5377 ll
1923 5312 1979 5374 at.
1999 5312 2030 5385 b.
2072 5311 2182 5372 XVIII.
2216 5311 2251 5370 Ρ.

458 5405 528 5484 Syr.
550 5409 608 5468 636
632 5407 682 5468 0r.
704 5405 780 5479 (616
801 5406 901 5479 Zoll):
926 5409 1044 5470 Parere
1070 5409 1153 5470 scire
1181 5426 1240 5487 par
1266 5410 1396 5488 imperio
1425 5409 1610 5488 gloriaest.
1658 5402 1676 5470 ll
1726 5411 1811 5486 XIX,
1842 5414 1867 5470 t.
1909 5409 1971 5470 Cir.
1992 5410 2033 5469 ad
2052 5408 2139 5470 Lind.
2160 5407 2180 5479 S
2204 5411 2251 5470 ta
