4982 6280
1067 601 1287 669 ..7-

288 797 418 871 lectoris
443 796 592 864 animum
618 795 660 864 acl
685 795 846 886 sacrilegii
871 816 988 865 vocem
1012 804 1245 888 praeparatum
1272 817 1344 866 esse
1370 795 1529 866 viderem.
1580 798 1693 868 Restat
1718 798 1801 881 iam,
1836 811 1873 869 nt
1901 821 2070 892 quaenam

285 925 363 993 lere
387 921 589 1002 exciderint,
625 920 834 990 coniiciendo
868 942 1095 1012 assequamur.
1145 922 1189 990 Et
1214 920 1268 989 hic
1294 919 1428 1012 quidem
1455 922 1542 990 ultro
1567 921 1663 990 nobis
1689 932 1886 993 succurrunt
1908 909 2085 1016 Diogenis

284 1048 409 1120 Laertii
434 1046 552 1126 verba,
587 1046 675 1138 apud
709 1068 808 1139 quem
843 1069 929 1139 quae
963 1045 1004 1116 de
1030 1045 1183 1136 Diogene
1209 1047 1334 1139 Cynico
1359 1045 1522 1136 legimus,
1550 1039 1617 1134 (Vl.
1644 1047 1683 1126 2,
1710 1041 1771 1136 45)
1796 1055 1964 1140 tantopere
1994 1071 2069 1118 cum

285 1173 403 1242 nostris
421 1171 621 1262 conspirant,
640 1179 676 1239 ut
692 1169 726 1238 in
741 1169 858 1240 cadem
876 1193 913 1239 re
931 1171 1068 1241 nomina
1082 1181 1207 1242 tantum
1223 1181 1347 1241 mutata
1361 1194 1432 1241 esse
1449 1170 1636 1262 suspiceris.
1665 1157 1872 1248 Θεασάμενός
1892 1191 1974 1236 ποτε
1993 1159 2070 1246 τοῦς

284 1291 519 1386 ἱερομνήμονας
538 1299 603 1362 raia
628 1298 752 1379 ταμιῶν
774 1289 846 1365 cccci
866 1289 987 1388 φιάλην
1006 1291 1215 1390 ὑφῃρημένον
1236 1291 1373 1385 ἄγοντας
1397 1295 1475 1387 ἔφη·
1505 1296 1546 1368 Οἱ
1569 1290 1703 1386 μεγάλοι
1722 1296 1857 1366 κλέπται
1882 1289 1939 1367 το)
1957 1289 2072 1388 μικρδν

284 1407 425 1500 ὄμνυσιν·
469 1419 521 1488 Αο
548 1417 636 1486 idem
663 1441 739 1488 cum
756 1429 868 1489 nostro
893 1420 976 1489 illud
1003 1431 1050 1490 est
1075 1421 1209 1501 dictum,
1236 1421 1324 1514 quod
1352 1421 1384 1489 iu
1413 1421 1575 1513 excerptis
1602 1419 1855 1492 Monacensibus
1882 1413 1959 1508 (vid.
1987 1419 2072 1490 inira

284 1543 375 1612 bion.
401 1542 458 1610 iol.
478 1541 568 1611 aab.
586 1564 671 1610 vers.
689 1534 727 1632 2)
752 1543 918 1613 referturl
948 1545 1182 1613 »Democrates
1208 1536 1455 1634 (Xenocratesi)
1482 1565 1559 1613 cum
1585 1544 1795 1634 magistratus
1817 1541 2071 1611 Atheniensium

285 1663 391 1733 iurem
418 1663 585 1756 quendam
611 1665 653 1733 ad
679 1687 820 1756 poenam
845 1676 1012 1758 raperent,
1045 1667 1170 1758 Magni,
1197 1667 1316 1758 inquit,
1343 1668 1431 1736 iures
1457 1668 1620 1737 minorem
1646 1667 1822 1759 puniunt.»
1876 1667 1949 1748 Vel,
1975 1676 2012 1734 ut
2036 1665 2071 1733 in

284 1786 358 1856 aliis
383 1787 476 1858 libris
502 1788 638 1879 legitur:
670 1789 756 1858 »Hic
783 1783 865 1878 (scil.
890 1786 1104 1881 Xenocrates)
1132 1814 1208 1861 cum
1234 1791 1401 1861 vidisset
1436 1792 1599 1861 latronem
1626 1791 1793 1883 quendam
1819 1791 1860 1861 ad
1886 1790 2071 1884 patibulum

285 1910 373 1990 duci,
400 1911 572 1981 subrisit
597 1911 722 1993 dicens,
749 1913 838 2005 quod
864 1915 979 2004 magni
1005 1914 1094 1984 iures
1121 1915 1265 1986 minores
1290 1915 1387 1985 morti
1413 1913 1659 2006 dampnabantu
1688 1907 1749 2005 (i).

383 2033 449 2104 Sed
474 2044 547 2104 utut
572 2034 654 2104 baec
687 2058 742 2104 res
774 2057 845 2105 sese
880 2036 995 2118 babet,
1031 2034 1095 2106 boc
1120 2038 1363 2128 apertissimum
1391 2039 1424 2108 in
1450 2050 1567 2109 neutra
1593 2039 1731 2110 Caecilii
1754 2039 1945 2110 narratione
1970 2059 2072 2108 voca·

284 2155 401 2226 bulum
431 2159 633 2228 latrocinium
667 2181 859 2230 occurrere:
898 2160 987 2230 unde
1013 2159 1086 2230 iure
1112 2172 1254 2230 statuere
1279 2161 1443 2244 videmur,
1469 2161 1554 2232 illud
1579 2163 1697 2232 lolium
1721 2185 1789 2232 non
1814 2161 1913 2232 lexici
1938 2159 2071 2254 proprie

285 2279 364 2350 dieti
389 2291 517 2372 partem
543 2283 709 2365 olfecisse,
745 2282 834 2376 quod
860 2283 1040 2354 latinorum
1066 2283 1303 2354 vocabulorum
1330 2309 1427 2356 usum
1453 2298 1552 2379 atque
1577 2285 1854 2376 significationem
1880 2284 1988 2354 allatis
2013 2306 2072 2356 ve-

284 2415 391 2476 terum
432 2407 627 2478 testimoniis
668 2409 864 2492 illustraret,
899 2410 957 2480 sed
990 2408 1101 2504 potius
1135 2433 1179 2478 ex
1209 2410 1353 2503 quadam
1387 2409 1701 2502 apophthegmatum
1728 2408 1920 2479 collectione
1951 2407 2072 2477 rescis-

284 2552 357 2600 sum
385 2553 467 2600 esse.

383 2657 454 2725 lam
479 2677 559 2726 vero
584 2678 637 2726 res
664 2656 737 2748 ipsa
762 2679 900 2728 monere
925 2658 1065 2740 videtur,
1092 2670 1128 2728 ut
1153 2669 1184 2728 et
1209 2658 1324 2750 capitis
1351 2658 1439 2728 illins
1465 2656 1653 2728 Policratici
1679 2649 1746 2744 (lll.
1768 2651 1824 2746 14)
1850 2656 1950 2726 linem
1966 2655 2072 2726 subii·

285 2778 371 2848 ciam
405 2780 605 2874 illorumque
632 2782 815 2852 commodis
850 2783 1044 2865 inserviam,
1078 2783 1198 2875 quibus
1222 2785 1295 2853 Joa.
1322 2782 1580 2854 Saresberiensis
1605 2803 1707 2874 opera
1731 2761 1958 2873 non'praesto
1984 2789 2070 2851 sunt

285 2901 360 2985 Qua
386 2903 564 2975 occasione
590 2905 636 2974 ita
662 2906 821 2978 utendum
848 2907 941 2990 duxi,
969 2918 1004 2976 nt
1027 2908 1208 2978 nonnullos
1232 2907 1335 2988 locos,
1362 2907 1481 2999 quiin
1507 2905 1706 2976 editionibus
1732 2905 1879 2996 corrupti
1902 2906 2070 2996 leguntur,

285 3027 513 3109 emendarem,
550 3029 632 3098 alios
666 3032 939 3102 commentariolo
974 3032 1190 3114 illustrarem,
1227 3031 1371 3122 denique
1403 3029 1516 3100 omnia
1541 3029 1576 3100 in
1601 3029 1826 3124 paragraphus
1850 3027 2070 3122 dispertirem,

283 3174 350 3246 quo
378 3152 507 3222 facilins
541 3153 628 3223 inira
662 3156 794 3247 singula
820 3157 907 3226 dicta
932 3179 992 3226 suo
1017 3177 1150 3249 quoque
1174 3178 1316 3225 numero
1350 3154 1457 3224 notari
1483 3163 1630 3246 possent:
1665 3175 1727 3223 nec
1752 3151 1867 3222 dubito
1892 3151 1986 3244 quin,
2013 3148 2073 3244 qni

284 3283 388 3345 totum
414 3297 525 3344 meum
551 3276 703 3348 libellum
729 3281 944 3372 perlegerint,
972 3279 1054 3350 illud
1074 3289 1172 3372 caput
1195 3300 1256 3370 pro
1273 3277 1437 3371 principio
1463 3276 1692 3371 disputationis
1713 3277 1917 3370 ponendum,
1942 3285 1975 3346 et
1997 3274 2073 3368 ple·

282 3423 400 3494 caque,
427 3397 532 3468 donec
557 3401 717 3492 probetur
742 3405 957 3488 contrarium,
984 3405 1175 3476 Caeciliana
1198 3403 1354 3474 habenda
1379 3424 1451 3472 esse
1475 3401 1541 3473 sibi
1565 3401 1631 3506 sint
1655 3401 1855 3498 persuasuri.

810 3701 842 3782 3.
877 3701 959 3784 llll.
984 3696 1209 3783 alumnia
1233 3697 1391 3780 conica
1415 3699 1471 3779 lll.
1497 3697 1548 3779 14.
1588 3785 1594 3800 ,

382 3884 431 3981 (4)
457 3893 570 3962 Faetio
596 3903 707 3962 nmen
733 3892 943 3962 adulatorum
977 3890 1180 3984 praevaluit,
1215 3890 1303 3985 quod
1340 3899 1373 3958 et
1401 3889 1625 3982 praesentium
1649 3911 1761 3960 rernm
1787 3889 1934 3959 declarat
1958 3898 2069 3961 status.

282 4015 377 4086 Adeo
403 4016 555 4109 quidem,
589 4029 626 4086 ut
651 4018 679 4086 si
705 4017 779 4110 quis
803 4017 1017 4113 popularium
1043 4015 1223 4085 modestiae
1249 4015 1417 4096 conscius,
1451 4012 1681 4083 assentationis
1706 4021 1738 4082 et
1762 4014 1969 4084 scurrilitatis
1993 4013 2072 4083 vitio

283 4139 462 4211 crediderit
486 4140 751 4234 temperandum,
778 4135 881 4211 bostis
907 4140 1056 4211 felicium
1083 4149 1256 4208 censeatur
1280 4147 1337 4208 aut
1362 4137 1504 4207 invidus.
1555 4137 1681 4207 Eorum
1706 4135 1871 4228 siqnidem
1899 4159 1996 4206 aures
2020 4145 2071 4205 te-

282 4286 383 4334 nerae
408 4277 502 4348 sunt,
537 4276 570 4335 et
594 4267 662 4336 iam
687 4266 932 4336 obsurduerunt
955 4286 1051 4346 vcro,
1087 4273 1119 4332 et
1153 4263 1303 4354 linguam
1338 4262 1539 4331 severiorem
1564 4261 1636 4330 sine
1661 4261 1843 4332 offensione
1877 4261 2071 4352 gravissima

282 4410 349 4458 non
376 4389 564 4459 admittunt.
603 4392 641 4459 ln
667 4412 734 4482 qno
760 4401 920 4483 quantum
947 4413 966 4459 a
991 4389 1111 4460 virtute
1136 4389 1301 4459 maiorum
1318 4399 1407 4458 aetas
1433 4398 1545 4458 nostra
1569 4387 1832 4480 degeneraverit,
1857 4387 2068 4480 perspicuum
2103 4409 2119 4461 a

283 4523 341 4594 est,
369 4535 443 4580 cum
471 4513 542 4580 sine
569 4513 724 4605 patientia
751 4524 808 4584 aut
833 4515 964 4584 nullum
991 4525 1047 4584 aut
1071 4536 1184 4584 rarum
1212 4535 1283 4583 esse
1309 4535 1391 4604 opus
1416 4511 1545 4582 virtutis
1568 4512 1677 4581 verbis
1701 4511 1873 4582 docuerint
1898 4523 1930 4580 et
1955 4531 2070 4580 exem-

283 4636 357 4728 plis.
410 4629 456 4724 (5)
485 4634 577 4706 Unde
609 4650 640 4706 et
673 4636 861 4730 Aristippus
897 4661 916 4706 a
949 4639 1169 4709 maledicente
1205 4662 1240 4709 se
1267 4639 1459 4720 discedens,
1494 4637 1615 4708 dixisse
1641 4637 1780 4730 legitur:
1814 4646 1850 4708 ut
1875 4647 1910 4706 tn
1934 4637 2069 4727 linguae

282 4769 377 4840 tuae,
412 4759 460 4828 sic
495 4768 528 4828 et
562 4781 625 4850 ego
659 4783 811 4830 mearum
836 4762 967 4831 aurium
994 4761 1147 4832 dominns
1172 4785 1259 4832 sum.
1311 4755 1359 4853 (6)
1383 4762 1596 4832 Antisthenes
1621 4784 1754 4856 quoque
1780 4761 1911 4831 cuidam
1935 4759 2068 4844 dicenti,

281 4881 456 4954 Maledixit
480 4882 541 4952 tibi
567 4884 636 4963 ille,
661 4887 736 4953 Non
754 4883 848 4967 mibi,
876 4883 997 4978 inquit,
1022 4884 1080 4953 sed
1099 4883 1160 4966 illi,
1188 4884 1299 4977 quiin
1317 4909 1364 4968 se,
1391 4885 1480 4978 qnod
1500 4885 1557 4955 ille
1575 4884 1697 4979 culpat,
1724 4885 1883 4976 agnoscit.
1922 4875 1986 4972 (bb)
2003 4879 2068 4951 Sed

363 5115 377 5162 a
388 5100 532 5178 felicium]
554 5102 609 5162 alii
628 5099 767 5175 fidelium.
792 5101 809 5172 ll
831 5101 894 5174 85.
916 5104 1066 5165 Similiter
1086 5104 1242 5183 Diogenes
1262 5103 1366 5165 Laert
1386 5104 1426 5164 ll.
1443 5107 1471 5166 8.
1493 5107 1533 5167 aa
1555 5106 1594 5168 de
1608 5106 1784 5183 Aristippo:
1806 5089 2069 5186 Λοιδορούμενός

279 5185 544 5281 ποτειᾶνεχοῖρει.
565 5195 627 5262 τοῦ
639 5197 671 5262 d’
684 5189 914 5276 ἐπιδιώκοντος
933 5189 1092 5279 εἰπόντος,
1117 5197 1158 5264 Τί
1179 5191 1325 5288 peripsam
1347 5195 1428 5281 Ὅτι,
1450 5199 1544 5291 φησὶ,
1565 5203 1627 5267 rori
1645 5197 1703 5283 μὲν
1721 5197 1826 5276 κακῶς
1845 5196 1944 5284 λέγειν
1957 5189 1998 5265 ου’
2010 5188 2068 5286 τήν

279 5290 430 5373 ἐξουσίαν
448 5289 538 5375 ipsso,
558 5295 621 5358 τοῦ
639 5291 676 5360 dd
696 5286 743 5382 μή
762 5285 889 5362 deodata
908 5287 981 5384 ἐγώ.
1012 5293 1030 5364 ΙΙ
1059 5299 1264 5364 ammones
1284 5301 1401 5377 primus
1421 5301 1559 5378 restitni;
1585 5299 1658 5362 adit
1680 5315 1785 5361 ornnes
1805 5299 1961 5360 Αιιϋιοιιιι.
2002 5298 2064 5362 ctr.

279 5393 361 5456 inira
384 5397 425 5456 ad
444 5396 562 5466 lionae.
584 5395 638 5456 l'ol.
659 5399 745 5458 aab.
765 5415 794 5458 v.
816 5399 845 5458 6.
