4982 6280
1260 606 1505 676 ...66-

484 803 619 885 Laertii,
654 803 776 897 quippe
802 803 857 873 cui
890 803 1036 872 maxima
1061 803 1168 874 libelli
1202 823 1280 895 pers
1306 802 1476 883 debeatur,
1513 801 1620 872 rarius
1653 802 1857 873 mentionem
1890 803 2043 875 iniicere:
2076 827 2164 899 quae
2198 805 2282 876 mihi

485 951 587 999 causa
613 927 684 1010 luit,
711 950 781 1007 cur,
808 926 866 996 ubi
890 929 949 1000 W.
979 927 1017 996 Β.
1044 935 1196 997 auctores
1221 948 1298 996 suos
1323 927 1497 996 nominare
1523 926 1689 998 desineret
1714 927 1868 1020 dictaque
1893 928 1999 998 laceta
2022 929 2077 1004 vel
2102 929 2281 1000 sententias

483 1054 626 1124 morales
651 1051 814 1145 proterret
835 1050 1033 1121 Caecilianis
1059 1051 1184 1121 similes
1210 1075 1319 1144 neque
1346 1075 1388 1122 ax
1404 1052 1555 1144 Diogene
1581 1053 1710 1146 petitas,
1738 1052 1974 1147 inquirendum
1994 1053 2164 1147 putarem,
2193 1055 2280 1126 unde

483 1199 544 1246 sua
569 1174 740 1244 hausisset.
783 1174 996 1245 lilinuebatur
1021 1174 1127 1256 labor,
1154 1173 1212 1243 ubi
1238 1197 1329 1245 mere
1356 1174 1495 1246 Caecilii
1520 1176 1707 1268 fragmenta
1731 1197 1805 1246 sese
1831 1177 2052 1271 excipiebant,
2078 1188 2114 1248 ut
2138 1179 2175 1248 in
2201 1179 2280 1250 Ari-

484 1299 602 1392 stippo,
629 1299 796 1390 Diogene;
823 1297 1008 1388 augebatur
1033 1306 1157 1378 contra,
1184 1299 1242 1368 ubi
1260 1299 1524 1370 Caecilianorum
1552 1300 1654 1370 series
1680 1300 1822 1371 aliorum
1849 1302 2044 1395 scriptorum
2070 1303 2281 1372 citationibus

483 1420 795 1514 interrumpebatur.
845 1422 1000 1514 Denique
1025 1443 1091 1491 non
1125 1421 1307 1493 deserenda
1343 1435 1438 1493 erant
1463 1423 1601 1493 Caecilii
1634 1425 1784 1517 vestigia,
1817 1426 1957 1498 simulac
1991 1428 2109 1498 similis
2141 1427 2279 1522 quidam

482 1546 575 1617 locus
596 1546 680 1616 alius
707 1545 878 1616 cuiusdam
904 1546 1072 1638 scriptoris
1098 1567 1170 1615 sese
1195 1545 1365 1628 offerebat,
1380 1555 1524 1639 -quot
1549 1546 1638 1616 enim
1666 1546 1945 1642 apophthegmata
1962 1573 1982 1620 a
1999 1550 2147 1621 Caecilio
2172 1551 2279 1620 relata

483 1669 571 1762 apud
596 1669 679 1740 alios
704 1691 837 1762 quoque
863 1669 1018 1761 leguntur
1043 1669 1209 1739 auctores!
1243 1709 1288 1720 —
1318 1668 1375 1738 sed
1401 1667 1582 1739 videndum
1608 1683 1689 1751 erat,
1721 1694 1801 1742 num
1827 1673 1953 1743 Burleii
1988 1673 2088 1744 verba
2122 1681 2277 1744 accurate

483 1815 559 1863 cum
587 1793 646 1863 illo
678 1795 900 1876 concinerent,
927 1817 993 1886 quo
1028 1795 1101 1865 loco
1128 1794 1217 1885 apud
1241 1796 1301 1868 W.
1328 1795 1366 1864 B.
1393 1805 1504 1864 utrum
1530 1794 1640 1866 media
1670 1796 1755 1865 inter
1785 1796 1852 1866 alia
1877 1797 2077 1880 Caeciliana,
2114 1821 2159 1868 an
2194 1798 2278 1868 inter

482 1917 626 1988 aliorum
651 1918 848 2010 scriptorum
874 1918 947 1988 loca
972 1919 1095 2013 scripta
1121 1930 1242 2002 essent,
1272 1941 1354 1989 num
1387 1919 1468 1988 alias
1502 1941 1636 2010 quoque
1661 1921 1721 1992 W.
1748 1920 1786 1989 Β.
1812 1920 1871 1990 ἰΙΙο
1897 1932 2031 1991 auctore
2065 1943 2145 1992 osus
2179 1931 2276 1990 esset.

384 2119 387 2126 ,
482 2043 577 2112 llaec
593 2041 695 2134 igitur
711 2041 914 2136 perficienda
931 2052 1039 2124 erant;
1066 2045 1099 2113 in
1118 2035 1278 2137 quantum
1296 2067 1375 2114 vcro
1399 2043 1635 2137 exspectationi
1654 2044 1693 2113 V.
1712 2043 1754 2112 D.
1774 2045 2013 2136 responderim,
2040 2045 2099 2115 alii
2117 2045 2275 2116 iudicent.

579 2167 701 2247 Restat,
740 2175 777 2236 ut
801 2165 952 2236 Alberti
984 2166 1031 2235 ab
1057 2166 1139 2260 Eyb
1177 2165 1391 2257 margaritam
1416 2165 1590 2259 poeticam,
1625 2166 1776 2259 illudque
1802 2169 1995 2260 praesertim
2030 2179 2129 2262 ceput
2163 2170 2277 2263 paucis

481 2302 667 2384 tangamus,
693 2290 783 2384 quod
809 2291 1004 2383 inscriptum
1030 2299 1093 2360 est:
1124 2289 1312 2380 »incipiunt
1336 2288 1436 2358 modo
1462 2311 1504 2358 ex
1521 2290 1655 2360 Laertio
1681 2291 1891 2362 auctoritates
1916 2293 1957 2362 de
1977 2293 2069 2362 viciis
2095 2286 2175 2384 (teg,
2190 2286 2276 2381 uitis)

482 2427 515 2488 et
538 2416 687 2488 moribus
712 2413 986 2509 philosophorum
1013 2424 1044 2486 et
1069 2415 1231 2507 imprimis
1258 2413 1298 2482 de
1325 2423 1449 2505 septem
1476 2413 1636 2484 Graeciae
1661 2413 1876 2508 sapientibus.
1914 2417 1966 2486 Ex
1983 2416 2116 2487 Laertio
2142 2415 2186 2486 de
2211 2416 2277 2486 vita

482 2551 514 2612 et
538 2542 687 2612 moribus
713 2538 983 2633 philosophorum
1011 2539 1221 2609 auctoritates
1248 2537 1445 2628 incipiunt.»
1484 2539 1527 2607 Et
1544 2538 1650 2608 altera
1674 2538 1810 2632 quidem
1829 2537 1928 2611 huius
1953 2542 2063 2633 operis
2088 2563 2165 2634 pars
2192 2539 2278 2611 nihii

481 2667 627 2738 eontinet
644 2665 709 2736 nisi
739 2665 969 2735 »auctoritates
988 2687 1030 2734 ex
1047 2664 1220 2745 Cicerone,
1247 2661 1431 2743 Lactantio,
1448 2662 1629 2742 Macrobio,
1655 2662 1811 2755 Apuleio,
1830 2665 1960 2744 Oresio,
1979 2665 2140 2746 Vitruvio,
2160 2665 2276 2736 Curtio

480 2791 579 2874 linio,
605 2791 759 2872 Caesare,
786 2789 920 2860 anerio
945 2789 1133 2868 blaximour
1168 2797 1352 2881 sequuntur
1378 2811 1420 2858 ex
1444 2755 1596 2878 Dingehe
1622 2788 1842 2872 auctoritates,
1868 2789 1909 2860 de
1935 2791 2056 2884 quibus
2081 2789 2182 2860 modo
2207 2789 2276 2860 dixi

481 2923 515 2984 et
539 2913 819 3006 apophthegmata
835 2935 878 2982 cx
895 2911 1065 2981 Plutarchi
1087 2910 1217 3003 scriptis
1235 2912 1385 2982 collecta.
1423 2912 1559 2981 Erraret
1575 2934 1656 2984 vero
1674 2934 1888 3006 magnopere,
1916 2915 1974 3006 qui
1990 2926 2140 2985 nostrum
2165 2922 2273 3007 caput,

480 3046 518 3108 ut
541 3037 673 3131 reliqua
706 3060 748 3106 ex
781 3035 921 3128 singulis
946 3034 1135 3106 auctoribus
1161 3045 1317 3127 excerpta
1340 3044 1428 3115 sunt,
1464 3033 1510 3104 ita
1535 3056 1577 3103 ex
1603 3057 1669 3105 uno
1695 3036 1829 3105 Laertio
1855 3049 2010 3130 excerpta
2036 3059 2107 3106 esse
2131 3045 2273 3130 putaret,

481 3173 656 3256 propterea
681 3162 770 3254 quod
795 3171 828 3230 et
852 3161 956 3232 multa
981 3161 1093 3231 insunt
1118 3159 1319 3242 Caeciliana,
1354 3167 1386 3229 et
1411 3159 1525 3241 multa,
1561 3182 1648 3252 quae
1674 3159 1716 3230 ad
1743 3159 1886 3243 tertium,
1921 3170 2087 3251 quartum,
2121 3160 2274 3254 quintum

480 3310 514 3380 p.
534 3286 612 3357 Chr.
631 3287 803 3356 saeculum
829 3284 1005 3377 pertinent.
1043 3284 1267 3356 Nihilominus
1293 3283 1357 3354 hoc
1382 3283 1469 3353 libro
1494 3282 1592 3353 lacile
1618 3282 1837 3377 supersedere
1860 3285 2052 3378 poterimus.
2091 3285 2159 3368 Qui
2186 3285 2275 3354 euim

480 3413 540 3486 W.
567 3409 694 3481 Burleii
718 3409 842 3480 librum
868 3407 910 3477 de
936 3407 1003 3478 vita
1037 3418 1070 3478 et
1099 3409 1247 3480 moribus
1273 3407 1559 3501 philosophorum,
1596 3407 1749 3478 simodo
1781 3417 1829 3478 est
1853 3407 2009 3491 Walteri,
2044 3431 2119 3480 cnm
2145 3408 2274 3479 Alberti

480 3534 588 3629 capite
613 3534 730 3605 iisdem
755 3531 865 3604 verbis
890 3531 1047 3625 inscripto
1073 3534 1260 3616 contulerit,
1294 3532 1406 3603 omnia
1439 3534 1519 3614 lere,
1554 3533 1765 3625 paucissimis
1800 3533 1956 3626 exceptis,
1990 3555 2032 3604 ex
2057 3533 2210 3626 Diogene
2243 3543 2274 3601 et

479 3660 634 3734 Waltero
660 3658 824 3751 descripta
849 3679 920 3726 esse
953 3657 1100 3727 inveniet
1133 3679 1245 3749 neque
1270 3657 1414 3731 Walteri
1439 3656 1566 3727 Burleii
1598 3679 1731 3738 nomen,
1766 3666 1876 3748 utpote
1911 3657 2030 3728 incerti
2062 3656 2162 3728 huius
2197 3655 2273 3727 libri

480 3782 634 3866 auctoris,
660 3783 695 3852 in
720 3781 933 3875 inscriptione
959 3781 1074 3874 capitis
1100 3780 1283 3852 desiderari
1308 3779 1493 3850 mirabitur.
1541 3781 1722 3872 Sexaginta
1747 3778 1813 3849 duo
1839 3779 1940 3872 igitur
1964 3779 2164 3874 philosophi,
2191 3801 2273 3873 quos

481 3903 638 3977 hibertus
663 3907 798 3999 triginta
821 3907 892 3977 iere
916 3905 1048 3998 paginis
1074 3914 1234 3986 recenset,
1262 3927 1327 3974 non
1345 3904 1454 3975 solum
1479 3904 1567 3997 apud
1584 3907 1643 3978 W.
1662 3906 1700 3975 B.
1719 3904 1933 3975 inveniuntur
1950 3926 2076 3989 omnes,
2103 3905 2160 3976 sed
2187 3905 2272 3974 adeo

479 4030 637 4101 hibertus
662 4053 734 4100 sese
759 4030 913 4105 Waltero
939 4028 1075 4112 addixit,
1110 4040 1147 4100 ut
1172 4051 1214 4098 ne
1240 4051 1343 4099 unnm
1369 4027 1503 4121 quidem
1531 4039 1630 4122 caput
1661 4029 1735 4099 loco
1761 4041 2004 4112 submoveret,
2037 4029 2095 4099 sed
2127 4029 2272 4100 eundem

481 4151 644 4236 ordinem,
671 4176 771 4247 quem
796 4153 866 4234 ille,
893 4163 1098 4248 sequeretur.
1138 4152 1251 4237 Quare
1277 4175 1340 4246 ego
1364 4153 1539 4223 Albertum
1565 4153 1672 4245 ipsum
1691 4153 1875 4225 Caecilium
1900 4154 2081 4248 inspexisse
2105 4154 2163 4224 vix
2190 4153 2271 4223 mibi

479 4277 713 4370 persuaserim,
740 4277 800 4347 etsi
825 4276 938 4370 aliqua
963 4286 1151 4360 occurrunt,
1179 4300 1266 4372 quae
1282 4278 1371 4348 unde
1389 4276 1639 4370 deprompserit,
1666 4275 1751 4348 mihi
1768 4276 1903 4370 quidem
1927 4300 1996 4347 non
2013 4287 2150 4348 constat.
2189 4280 2271 4348 Per·

480 4399 563 4471 tinet
588 4400 655 4471 hue
679 4400 818 4470 blunatii
843 4400 957 4472 Planci
983 4401 1159 4472 sententia:

635 4565 640 4576 ·
676 4525 803 4596 Nnturo
828 4526 955 4618 superbi
978 4539 1031 4608 ert,
1057 4529 1193 4596 minores
1219 4527 1383 4620 despicere,
1418 4525 1594 4597 maioribus
1618 4527 1771 4608 innidere,
1806 4525 2058 4617 obsequentibus
2091 4528 2267 4597 dissentire.

579 4648 703 4718 Verum
728 4645 811 4718 haee
835 4648 967 4740 longius
992 4648 1147 4741 persequi
1172 4646 1329 4720 abhorret
1354 4671 1374 4720 a
1398 4649 1565 4743 proposito
1591 4658 1717 4720 nostro:
1747 4669 1825 4719 nam
1851 4650 1892 4722 ad
1921 4649 2058 4722 Caecilii
2083 4651 2269 4742 fragmenta

480 4770 667 4864 colligenda
692 4771 803 4842 nullus
828 4770 896 4842 lere
922 4779 971 4842 est
995 4770 1094 4842 buius
1118 4770 1198 4843 libri
1223 4793 1312 4842 usus.
