4982 6280
1222 657 1269 668 ..
1323 621 1368 692 yg
1420 659 1467 670 ..

1094 811 1125 890 5.
1165 808 1596 894 11011111111οΝ11311Ν818.Ι

816 1031 881 1100 1,1.
1363 1017 1446 1088 Cum
1491 1020 1628 1113 quidam
1671 1023 1809 1094 stolidus
1852 1025 2010 1098 audiente
2051 1029 2238 1124 Pythagora
2255 1053 2342 1108 ote.

906 1139 1048 1220 diceret,
1092 1143 1193 1212 malle
1236 1165 1271 1210 se
1315 1166 1391 1212 cum
1441 1145 1639 1216 mulieribus
1683 1171 1775 1231 esse,
1827 1173 1927 1242 quam
1971 1175 2046 1222 cum
2088 1153 2239 1247 pbiloso-

904 1264 980 1356 phis
1023 1265 1230 1346 conversari,
1267 1267 1310 1335 Et
1348 1290 1443 1348 sues,
1483 1268 1609 1361 inquit,
1649 1269 1803 1341 libentius
1842 1273 1876 1341 in
1916 1297 2021 1346 coeno
2061 1299 2164 1369 quam
2202 1277 2238 1347 in

856 1407 880 1456 3.
906 1413 993 1481 aqua
1018 1403 1202 1460 versantur.
1614 1397 1755 1468 Socrates
1781 1401 1890 1469 dixit:

905 1513 1002 1596 Quae
1028 1514 1137 1583 133333
1164 1525 1259 1605 turpe
1286 1526 1344 1596 est,
1372 1515 1455 1588 haec
1482 1540 1524 1587 ne
1550 1518 1662 1590 dicere
1687 1519 1862 1592 honestum
1886 1532 1977 1614 puta.

853 1657 878 1706 a.
905 1641 1053 1709 Lucrum
1079 1643 1174 1730 turpe
1200 1652 1236 1710 ut
1263 1639 1472 1732 dispendium
1500 1644 1618 1734 135113.

854 1782 879 1830 3.
907 1763 1014 1832 Alteri
1040 1785 1138 1856 saepe
1165 1765 1340 1854 ignoscito,
1368 1767 1427 1838 tibi
1454 1791 1647 1862 numquam.

814 1907 837 1960 3.
856 1909 880 1960 3.
904 1887 971 1956 Diu
998 1889 1193 1971 deliberato,
1220 1890 1285 1960 cito
1312 1892 1423 1963 laoito.
1473 1895 1586 1965 Minus
1612 1897 1724 1978 dicito,
1750 1921 1851 1992 quam
1879 1899 1990 1970 iacias.

856 2029 878 2078 ι.
904 2013 978 2080 Ν33
1006 2012 1095 2093 vivit,
1122 2015 1176 2083 eui
1202 2015 1288 2084 nibil
1315 2017 1347 2084 in
1374 2031 1486 2088 mente
1513 2029 1571 2101 est,
1601 2020 1663 2090 nisi
1691 2031 1725 2092 ut
1750 2023 1848 2094 vivat.

853 2153 877 2203 3.
903 2133 1049 2223 ingloria
1075 2135 1143 2205 vita
1167 2139 1282 2206 mortis
1308 2149 1357 2209 est
1382 2141 1482 2211 socia.

852 2280 877 2330 o.
902 2256 995 2327 Nibil
1021 2281 1116 2349 posse
1143 2258 1207 2328 boo
1233 2271 1282 2328 est
1307 2272 1477 2334 mortuum
1503 2266 1626 2336 rivere.

837 2397 878 2450 ιο.
905 2381 996 2451 Nihil
1024 2405 1142 2452 curare
1168 2382 1234 2453 boe
1260 2395 1308 2452 est
1334 2385 1487 2458 insanum
1515 2413 1600 2459 esse.

837 2522 877 2571 11.
903 2507 987 2577 Bibe
1014 2516 1047 2574 et
1072 2505 1145 2587 ede,
1181 2514 1217 2576 ut
1241 2505 1327 2576 bene
1353 2509 1463 2580 rivas:
1498 2535 1566 2582 uon
1592 2514 1695 2594 viras,
1729 2526 1766 2585 ut
1791 2525 1917 2586 tantum
1944 2516 2023 2588 edas
2060 2530 2094 2588 et
2128 2519 2233 2590 bibas.

489 2760 740 2828 Drscnurnnru
767 2756 903 2826 Consors
930 2756 1162 2825 Monacensis:
1191 2753 1250 2823 84.
1278 2777 1309 2823 a.
1363 2755 1384 2828 7
1411 2781 1479 2852 repe
1506 2763 1524 2844 ΙΙ
1558 2763 1599 2828 10
1627 2763 1667 2830 ln
1692 2763 1798 2853 pleriq
1824 2767 1902 2834 oito.
1929 2769 2040 2837 3333113
2066 2776 2127 2837 313.
2158 2761 2175 2850 ΙΙ

518 3066 649 3125 Aduolat.
690 3066 745 3128 84.
767 3086 795 3128 3.
836 3070 858 3146 1,
883 3074 908 3130 1.
951 3071 1046 3133 Ρ1333
1067 3073 1178 3134 iisdem
1204 3073 1310 3133 verbis
1338 3072 1433 3132 utitur
1453 3071 1507 3128 W.
1528 3069 1562 3128 B.
1584 3088 1607 3129 3.
1629 3088 1658 3128 v.
1680 3069 1885 3147 Pythagoras,
1916 3071 1977 3130 nisi
2008 3071 2091 3148 quod
2116 3071 2149 3130 in
2174 3071 2234 3130 1133

436 3161 551 3241 1351133
585 3173 797 3227 conversantur
824 3185 882 3246 pro
907 3178 1071 3231 versentur.
1113 3172 1150 3232 V.
1172 3173 1206 3232 B.
1231 3191 1277 3248 sp.
1306 3188 1380 3230 3333.
1403 3169 1454 3248 111.
1475 3171 1503 3244 9,
1526 3171 1559 3227 3:
1586 3165 1715 3243 1351133
1740 3169 1779 3227 13
1806 3168 2031 3246 proverbiis
2056 3167 2234 3246 pbiloso-

436 3261 594 3338 phorum
616 3260 678 3332 (313
685 3262 717 3340 t)
740 3267 823 3341 quod
845 3284 911 3326 oum
926 3269 1049 3344 quidam
1070 3271 1189 3332 diceret
1203 3271 1346 3330 audiente
1360 3267 1547 3345 Pythagora,
1557 3265 1651 3341 ¹quod
1666 3267 1815 3328 libentius
1837 3271 2011 3328 moraretur
2027 3267 2056 3326 in
2071 3265 2234 3328 mulierum

437 3360 605 3434 oonsortio,
627 3378 718 3436 quam
733 3363 764 3422 in
786 3363 1043 3443 pbilosophorum
1065 3369 1275 3443 coutubernio,
1296 3369 1458 3443 respondit
1471 3365 1676 3441 Pythagoras,
1697 3365 1737 3424 Et
1758 3384 1810 3425 sus
1831 3365 2011 3424 libentius
2002 3364 2120 3424 inloto
2143 3381 2235 3441 quam

435 3457 465 3516 13
488 3475 568 3534 aqua
589 3475 675 3537 p.ura
698 3461 715 3532 ΙΙ
744 3461 811 3537 12.
843 3461 893 3522 Ad
915 3465 1044 3524 verbum
1064 3466 1188 3526 lsoor.'
1180 3483 1210 3525 ι3
1232 3465 1400 3525 Ρ33333331
1420 3483 1490 3576 pag.
1513 3468 1548 3524 7;
1570 3451 1593 3526 bi
1613 3467 1717 3528 ποιεῖν
1737 3450 1881 3578 oiqudv,
1901 3459 2006 3524 ταῦτα
2025 3450 2133 3541 νόμιζε
2132 3455 2235 3574 ’,μηδὲ

436 3547 584 3638 λέγειν
555 3579 635 3622 error
655 3548 761 3621 καλόν.
800 3559 988 3623 1133333113·
979 3581 1011 3622 ru
1032 3563 1145 3624 Conon.
1167 3563 1248 3633 §17
1270 3554 1441 3634 (12021313
1435 3551 1583 3648 πολλην
1603 3549 1754 3647 αισχύνην
1775 3553 1912 3639 digerenti
1932 3555 2040 3642 λέγειν,
2061 3548 2234 3646 μὴὅτιγε

435 3658 548 3718 ποιεῖν.
584 3657 647 3717 013.
668 3656 758 3717 Pauli
779 3660 867 3736 epist.
890 3663 930 3720 ad
952 3661 1068 3739 pres.
1090 3667 1118 3740 5,
1141 3666 1186 3722 12.
1222 3663 1269 3722 Ex
1290 3663 1436 3724 Romanis
1458 3663 1511 3723 313.
1534 3664 1623 3724 P.ubl
1645 3662 1715 3740 Syr.
1735 3681 1763 3720 v.
1785 3662 1843 3721 665
1861 3661 1912 3720 03
1934 3660 2010 3731 (765
2025 3659 2123 3730 Zoll)
2145 3659 2234 3728 Quod

435 3753 541 3813 133333
562 3757 653 3834 turpe
674 3761 731 3834 est,
754 3759 860 3818 dinero
881 3758 1044 3819 honestum
1065 3778 1104 3820 ne
1124 3765 1207 3839 puta.
1240 3761 1293 3819 W.
1307 3761 1341 3820 B.
1355 3759 1441 3819 8333.
1463 3761 1549 3829 Quod
1572 3762 1593 3821 1.
1607 3764 1627 3819 1.
1643 3767 1700 3835 331,
1724 3761 1785 3820 1333
1806 3761 1913 3821 dicere
1934 3759 2129 3820 inhonestum
2149 3762 2232 3838 puta.

435 3851 520 3912 Idem
542 3872 567 3912 s.
589 3873 618 3913 v.
640 3855 733 3916 lsoor.
756 3857 840 3925 Quae
862 3857 950 3917 33133
973 3860 1021 3917 331
1042 3875 1146 3936 35333,
1168 3861 1277 3919 eadem
1297 3877 1397 3935 neque
1419 3860 1487 3918 lieri
1507 3861 1619 3919 bonum
1641 3858 1811 3918 existimes.
1843 3852 1859 3922 ΙΙ
1891 3851 2071 3934 isocrates]
2094 3857 2144 3918 An
2164 3858 2232 3917 lao-

435 3955 552 4011 3331331
574 3951 636 4012 013.
657 3954 760 4014 adnot.
783 3955 824 4014 ad
844 3955 867 4030 1,
890 3957 908 4013 5
932 3961 964 4016 et
982 3957 1108 4033 xxvii,
1131 3961 1158 4017 3.
1189 3957 1206 4030 ΙΙ
1238 3971 1252 4020 5
1275 3950 1323 4034 33]
1346 3961 1487 4036 praestat
1506 3975 1568 4032 333,
1594 3958 1713 4016 313133
1737 3973 1795 4034 pro
1821 3973 1858 4014 33
1884 3958 1996 4034 quidem
2021 3956 2136 4016 dietum
2161 3971 2233 4015 esse

398 4117 403 4124 ,
434 4050 533 4110 malis.
563 4059 578 4130 Η
609 4051 632 4128 l,
653 4055 681 4112 3.
722 4051 838 4114 Eadem
859 4055 1077 4116 3333333033
1099 4059 1181 4134 apud
1203 4058 1254 4117 W.
1277 4057 1311 4116 B.
1333 4056 1420 4117 8333.
1449 4059 1465 4130 Η
1495 4056 1518 4126 Ι,
1541 4059 1569 4116 4.
1610 4054 1643 4114 P.
1665 4055 1735 4132 Syr.
1757 4057 1816 4115 293
1839 4054 1889 4115 03.
1912 4053 1988 4125 (328
2010 4053 2110 4126 Zell):
2136 4053 2230 4130 1533·

435 4149 513 4208 33113
536 4167 631 4226 saepe
653 4151 752 4226 alteri,
774 4169 926 4228 nunquam
947 4154 1013 4212 tibi.
1056 4153 1292 4215 Pseudoseneoa
1315 4155 1354 4215 de
1375 4155 1512 4214 moribus
1536 4157 1606 4213 111:
1629 4154 1731 4214 Alteri
1758 4171 1870 4228 semper
1899 4153 2063 4230 ignoscito,
2092 4150 2232 4227 tibiipsi

434 4264 596 4323 nunquam,
619 4249 689 4308 ooll.
710 4249 746 4308 V.
768 4249 802 4310 Β.
825 4269 871 4328 sp.
893 4252 922 4311 d.
943 4255 973 4328 4,
994 4256 1048 4314 68:
1070 4253 1202 4322 ,833333
1223 4255 1252 4314 13
1273 4255 1326 4313 111).
1349 4255 1388 4314 de
1409 4253 1561 4313 moribus:
1585 4251 1623 4311 A.
1644 4269 1731 4327 saepe
1752 4254 1771 4311 i.
1792 4257 1812 4310 t.
1834 4253 1854 4310 i.
1875 4249 1910 4310 n.'
1952 4249 2063 4310 Catoni
2083 4249 2227 4308 tribuitur

433 4345 494 4406 1333
516 4347 629 4407 dietum
651 4350 681 4409 in
704 4351 771 4409 eod.
793 4349 890 4410 Paris.
912 4352 965 4410 lat.
987 4353 1152 4428 4841,131.
1174 4357 1222 4430 20,
1245 4353 1375 4424 3131313
1397 4371 1475 4430 quae
1497 4353 1630 4413 disserui
1653 4353 1682 4410 in
1698 4351 1891 4412 Schneidew.
1913 4350 2021 4426 philol.
2036 4347 2117 4422 Vlll,
2137 4345 2229 4416 184);

436 4445 551 4516 ,Α11331
573 4464 668 4524 saepe
691 4449 828 4525 1533333,
851 4449 907 4508 tibi
930 4451 1102 4528 nunquam3’
1125 4468 1191 4511 cum
1213 4470 1273 4527 quo
1295 4453 1371 4512 13311
1391 4451 1516 4512 Sallust.
1539 4451 1603 4511 Cat.
1626 4454 1665 4510 52
1687 4452 1718 4508 13
1739 4449 1880 4508 33311333
1902 4447 2041 4508 Catonis:
2063 4447 2134 4516 ,Qui
2155 4445 2230 4504 331131

433 4545 527 4620 atque
542 4544 643 4604 animo
659 4563 726 4606 3333
742 4547 855 4608 3311133
877 4567 1008 4624 unquam
1023 4551 1130 4609 delioti
1143 4552 1274 4628 gratiam
1289 4549 1444 4628 133133333,
1466 4552 1548 4612 baud
1563 4549 1656 4610 133113
1677 4549 1807 4616 31133133
1829 4547 1960 4608 lubidini
1975 4545 2140 4607 3331313313
2154 4562 2230 4605 333-

435 4643 604 4704 donabam!
645 4645 1292 4724 Μ333333313313113313133111.118333.
1321 4658 1338 4730 Η
1369 4651 1393 4725 1,
1416 4653 1442 4709 5.
1484 4651 1537 4708 W.
1560 4647 1593 4707 B.
1616 4647 1808 4707 83331131.
1831 4647 1898 4705 31.
1932 4645 2015 4705 ldem
2038 4663 2061 4704 s.
2083 4664 2111 4702 v.
2134 4643 2229 4703 lsoor.

432 4741 621 4812 ,0333111333
639 4744 762 4821 diutius,
784 4745 873 4806 effice
888 4765 965 4807 vero
981 4748 1156 4808 deliberata
1170 4747 1341 4808 velociter!
1377 4747 1486 4807 Catoni
1501 4747 1646 4807 tribuitur
1659 4747 1689 4805 in
1705 4745 1814 4804 eodem
1829 4744 1896 4803 eod.
1912 4742 2010 4802 Paris.
2025 4741 2079 4801 iol.
2094 4743 2143 4816 20,
2157 4740 2186 4799 b.
2206 4741 2223 4812 11

432 4840 456 4918 1,
477 4843 506 4901 6.
547 4843 597 4902 111
622 4845 750 4904 verbum
776 4846 941 4922 descripsit
968 4846 1020 4906 W.
1046 4845 1079 4905 B.
1107 4845 1193 4906 Soor.
1241 4844 1258 4914 ΙΙ
1309 4846 1333 4920 1,
1356 4850 1383 4906 7.
1424 4845 1477 4903 W.
1498 4845 1531 4904 B.
1560 4843 1646 4905 8333.
1674 4842 1790 4914 ,estin
1817 4840 1940 4917 333313’;
1971 4840 2092 4915 reliqua
2122 4837 2231 4897 eadem

432 4945 511 5001 suut.
542 4937 559 5008 ll
588 4941 610 5016 I,
631 4945 662 5002 8.
693 4943 729 5003 P.
750 4941 819 5020 Syr.
843 4947 900 5004 189
923 4944 981 5004 Or:
1007 4943 1065 5004 Est
1085 4945 1172 5006 33313
1193 4946 1302 5004 mortis
1327 4945 1445 5004 bomini
1464 4962 1494 5003 v.
1515 4944 1658 5020 ingloria.
1687 4948 1704 5018 Η
1735 4940 1757 5015 l,
1779 4943 1808 5001 9.
1849 4940 1882 4998 P.
1905 4939 1973 5016 Syr.
1997 4938 2048 4997 03.
2069 4937 2130 4997 478
2153 4933 2229 5005 (543

431 5039 534 5112 Zell):
557 5041 607 5100 Nil
628 5059 723 5119 posse
745 5060 925 5120 quenquam,
948 5049 1099 5105 mortuum
1120 5044 1180 5104 boo
1202 5045 1251 5104 est
1270 5045 1387 5103 vivere.
1421 5044 1475 5101 W.
1496 5043 1531 5102 B.
1552 5042 1638 5101 8333.
1672 5041 1843 5101 Nihil....
1860 5055 1940 5098 esse.
1978 5037 1994 5109 ll
2028 5036 2123 5110 1,10.
2159 5033 2230 5094 Vid.

432 5139 486 5197 W.
508 5138 542 5198 B.
565 5141 604 5200 ad
626 5140 648 5216 l,
671 5143 690 5200 9
711 5142 875 5202 laudatum.
906 5137 923 5208 ll
953 5144 1045 5219 1,11.
1087 5142 1226 5202 83333113
1249 5145 1297 5202 331
1321 5142 1437 5201 dietum
1466 5141 1598 5202 testibus
1621 5138 1702 5199 Plut.
1723 5139 1761 5198 de
1783 5137 1854 5197 aud.
1874 5140 1957 5215 poet.
1979 5139 2000 5196 t.
2021 5135 2057 5194 11.
2078 5151 2107 5212 p.
2129 5135 2165 5194 21
2189 5129 2228 5206 Ε,

431 5235 520 5313 11135.
540 5235 644 5299 Laert.
666 5239 703 5299 ll.
726 5243 753 5315 5,
777 5243 830 5316 34,
853 5241 964 5301 Athen.
986 5241 1037 5301 1v.
1058 5260 1089 5319 p.
1113 5243 1171 5302 158
1193 5241 1226 5302 F.
1271 5241 1348 5302 Geli.
1373 5243 1419 5317 19,
1444 5243 1471 5316 2,
1494 5243 1524 5299 73
1552 5238 1710 5308 ,83333133
1732 5237 1855 5313 quidem
1877 5235 2008 5308 dioebat,
2030 5234 2144 5294 multos
2165 5231 2228 5292 ho·

431 5335 527 5395 mines
548 5341 715 5416 propterea
737 5340 960 5415 voliendrere,
983 5343 1016 5400 ut
1037 5342 1167 5401 ederent
1189 5343 1221 5400 et
1242 5340 1398 5414 biberent3
1421 5355 1492 5398 sese
1513 5337 1621 5396 bibere
1644 5342 1736 5412 atque
1751 5353 1833 5410 esso,
1855 5339 1888 5395 ut
1901 5331 2043 5394 viveret.'
2075 5331 2150 5391 lude
2172 5349 2229 5392 sua

431 5433 535 5495 hausit
548 5434 635 5496 Viuo.
649 5436 768 5497 Bellov.
791 5455 866 5516 spee
894 5438 968 5499 bist.
984 5442 1011 5516 3,
1026 5441 1067 5499 57
1081 5443 1113 5498 31
1126 5455 1171 5516 sp.
1186 5437 1217 5497 d.
1230 5439 1257 5513 4,
1274 5439 1322 5498 89.
1354 5436 1407 5496 W.
1422 5435 1456 5496 B.
1469 5434 1555 5496 8333.
1577 5435 1719 5506 ,Dicebat
1740 5439 1843 5496 autem
1859 5477 1907 5496 ...
1926 5477 1933 5492 .
1948 5429 2088 5506 viveret‚'
2110 5431 2226 5492 omisso
