4982 6280
1031 595 1278 668 ..33-

632 845 639 858 .
675 815 702 866 ι.
725 799 765 867 Ia
790 797 880 868 hello
905 819 1045 890 corpora
1070 795 1242 866 hominum
1268 795 1402 887 gladiis,
1429 794 1463 864 in
1488 815 1571 888 pace

387 933 461 986 xm.
486 933 703 986 nummatas
725 921 947 1014 voluptatibus
972 918 1153 990 vulnerari.
1599 919 1651 988 De
1674 919 1770 988 malis
1793 921 1872 1012 filiis

679 1059 702 1108 1·
727 1047 828 1116 Gaius
854 1046 1086 1137 interrogatus,
1113 1066 1188 1114 cum
1214 1044 1327 1138 plures
1353 1043 1439 1114 tilios
1460 1043 1639 1126 habuisset,
1666 1044 1741 1137 quis
1758 1067 1802 1114 ex
1817 1044 1868 1114 his
1885 1044 1919 1113 in
1936 1065 1972 1113 se
1989 1067 2052 1114 nc·
2068 1059 2102 1114 aa

726 1170 824 1263 quior
850 1179 945 1251 osset,
971 1169 1039 1252 Qui
1065 1169 1191 1260 primus
1216 1168 1277 1238 tihi
1302 1169 1402 1239 inerit
1427 1168 1555 1251 obvius,
1583 1169 1701 1261 inquit.

636 1298 800 1389 e.a.1pse
828 1306 859 1366 te
886 1317 1013 1377 coerce,
1040 1306 1146 1389 pater.
1422 1293 1603 1364 Bocchoris
1630 1293 1724 1364 iussit
1748 1293 1856 1363 lilium
1882 1291 2054 1362 cuiusdam

728 1421 947 1511 denegantem
983 1442 1017 1488 sc
1055 1441 1152 1512 posse
1187 1429 1327 1490 matrem
1363 1419 1453 1488 alere
1493 1418 1607 1489 decem
1646 1418 1816 1488 mensibus
1855 1437 1929 1486 eam
1966 1414 2054 1484 ferre
2071 1436 2157 1492 σοι.

677 1561 702 1610 4.
727 1569 789 1616 nec
827 1547 1006 1638 deponere.
1367 1599 1368 1604 .
1466 1543 1529 1628 Qui
1568 1565 1634 1614 non
1677 1543 1813 1636 corripit
1851 1548 2055 1634 peccantem,

455 1685 542 1738 xm
560 1686 602 1738 ns
617 1689 701 1753 pigro.
727 1694 865 1764 peccare
923 1670 1075 1763 imperat.
1174 1669 1225 1738 De
1279 1671 1376 1760 pigro
1433 1669 1523 1737 Zeno
1582 1667 1708 1738 Citieus
1767 1665 1900 1738 cuidam
1958 1662 2058 1732 inerti

725 1791 972 1883 indignareris,
990 1791 1106 1884 inquit,
1139 1791 1168 1860 si
1194 1791 1314 1884 aliquis
1339 1799 1479 1883 optaret,
1512 1798 1547 1860 ut
1572 1791 1707 1861 mutilas
1734 1811 1851 1860 manos
1877 1788 1931 1857 vel
1955 1787 2058 1880 pedes

345 1933 445 1988 xum
466 1935 507 1988 ne
524 1939 702 2003 emmenum
727 1915 916 1987 habuisses:
952 1938 1041 1985 nunc
1067 1916 1195 2006 integra
1221 1924 1310 1994 sunt;
1345 1937 1405 1984 cur
1431 1914 1478 1984 uti
1503 1914 1551 1983 eis
1576 1935 1644 1984 non
1669 1914 1741 1985 uisi
1775 1914 1826 1982 De
1850 1914 2056 2004 temperantia
2090 1927 2106 1978 ο

680 2057 702 2106 ι.
727 2038 900 2130 Agesilaus
943 2037 1181 2128 interrogatus,
1234 2036 1515 2132 quemadmodum
1566 2037 1640 2128 qais
1682 2037 1874 2107 hominihus
1923 2038 2056 2130 placere

726 2171 853 2255 posset,
884 2160 919 2230 Si
945 2160 1102 2252 gesserit,
1130 2160 1256 2252 inquit,
1283 2160 1408 2253 optima
1434 2161 1622 2230 allocutus
1647 2160 1748 2230 fuerit
1774 2183 1891 2253 pauca.

677 2299 702 2350 a.
727 2287 868 2354 Socrates
917 2283 1100 2375 inquirenti
1158 2283 1310 2365 cuidam,
1368 2282 1536 2376 quomodo
1594 2294 1703 2377 posset
1757 2284 1880 2378 optime
1926 2285 2057 2367 dicere,

728 2407 918 2501 respondit:
946 2406 1038 2477 Nihil
1065 2405 1201 2488 dixeris,
1227 2406 1292 2474 nisi
1319 2405 1407 2497 quod
1434 2406 1521 2476 hene
1546 2405 1673 2478 scieris.

634 2541 639 2551 “
678 2551 702 2600 s.
728 2535 886 2603 Demades
910 2553 978 2600 non
1012 2530 1157 2612 scolam,
1192 2529 1251 2599 scd
1276 2529 1502 2600 assiduitatem
1534 2531 1668 2622 legendi
1694 2533 1880 2604 doctrinam
1905 2533 2055 2604 vocabat.
2075 2551 2108 2603 ιο

677 2675 703 2725 ι.
729 2659 867 2727 Plocirm
893 2655 1052 2747 optimum
1079 2665 1244 2724 oratorem
1270 2675 1343 2724 esse
1369 2649 1509 2738 dicebat,
1536 2655 1595 2748 qai
1620 2656 1767 2748 plurima
1784 2657 1898 2750 paucis
1924 2657 2058 2728 diceret.

681 2797 705 2847 a.
730 2781 946 2851 Erasistratus
977 2779 1127 2848 medicus
1168 2801 1245 2848 cum
1274 2779 1318 2848 ad
1348 2755 1567 2849 dormientem
1599 2801 1739 2872 aegrum
1775 2780 1899 2852 intrare
1931 2781 2061 2851 noluis-

379 2919 479 2972 xmv.
502 2919 544 2971 ns
560 2919 706 2987 ducspms
731 2917 797 2988 set,
841 2904 1035 2988 Meliorem,
1080 2901 1204 2996 inquit,
1247 2903 1336 2973 intus
1373 2903 1540 2974 medicum
1584 2905 1695 2975 audio.
1795 2908 1846 2976 De
1887 2909 2061 3001 disciplina

730 3029 915 3120 Antigonus
966 3027 1150 3098 Alexandri
1207 3026 1419 3119 paedagogus
1478 3028 1639 3100 citharam
1696 3029 1767 3100 cias
1817 3030 1917 3123 fregit
1966 3032 2062 3102 abie-

732 3152 841 3244 citque
859 3152 992 3222 dicens:
1011 3149 1122 3220 Aetati
1139 3158 1215 3220 tuae
1234 3150 1300 3219 iam
1318 3173 1460 3242 regnare
1478 3153 1642 3236 convenit,
1660 3153 1849 3247 pudeatque
1868 3155 1903 3223 in
1921 3177 2059 3248 corpore
2079 3179 2111 3230 ιο

375 3291 509 3344 xmus.
528 3293 569 3344 ne
588 3305 706 3345 umaro
732 3275 829 3369 regni
855 3277 1058 3369 voluptatem
1083 3273 1239 3344 luxuriae
1266 3274 1442 3345 dominari.
1492 3277 1543 3346 De
1568 3300 1699 3348 masura

733 3404 855 3492 Pyrrus
904 3423 965 3470 rex
1017 3422 1094 3470 cum
1150 3398 1360 3471 citharoedas
1411 3402 1445 3471 in
1497 3403 1650 3474 convivio
1703 3403 1849 3474 molliter
1903 3413 2062 3486 cantaret,

272 3628 524 3697 Drscusmrarm
552 3625 689 3695 Consors
713 3625 943 3696 Mounosrsrs:
979 3626 1026 3690 22
1052 3622 1213 3690 Baccarus
1257 3617 1274 3700 Η
1320 3622 1378 3693 90.
1405 3623 1438 3694 b.
1490 3625 1654 3696 deiciens
1699 3617 1716 3708 Η
1762 3623 1847 3697 dut
1870 3627 2000 3698 inutiles
2035 3621 2053 3702 ΙΙ

388 3753 426 3817 11
456 3752 615 3820 Placatos
650 3747 667 3827 ΙΙ
711 3751 754 3818 12
783 3749 1018 3818 Heresistratus
1053 3739 1070 3820 ΙΙ
1118 3742 1161 3814 tt
1183 3748 1368 3839 pedagogus
1393 3748 1553 3838 cytisorum
1590 3753 1608 3842 Η
1647 3749 1691 3822 17
1717 3751 1901 3842 cutlaredus
1938 3741 1955 3822 ΙΙ

296 3921 1926 3934 ..-------.-------μ..---.-------.-,-.-
1939 3925 1946 3930 -
1968 3923 2067 3932 -——-

352 4023 415 4100 XL,
438 4026 482 4084 1.’
507 4024 529 4083 I.
550 4022 616 4083 Sar.
636 4023 658 4083 l.
678 4023 712 4083 l.:
734 4025 918 4093 ,Praeterea
938 4023 1083 4100 voluptas
1108 4021 1250 4099 eorporis
1271 4021 1381 4080 eodem
1402 4023 1528 4080 auctare
1549 4019 1676 4080 vitanda
1698 4023 1754 4081 est
1795 4020 1910 4082 Aiebat
1932 4021 2011 4082 enim
2032 4021 2064 4082 in

271 4125 356 4186 ballo
372 4169 379 4183 .
395 4169 402 4184 .
418 4171 424 4182 .
438 4167 446 4182 .
460 4121 632 4182 uulnerari.¹
674 4121 757 4190 Quae
778 4126 948 4198 aequantur
972 4121 1132 4192 ,Senserat
1153 4123 1234 4180 enim
1256 4119 1392 4196 gentium
1414 4118 1627 4196 triumphator,
1649 4119 1840 4196 voluptatem
1860 4121 1947 4180 nullo
1968 4120 2061 4181 moda

170 4197 195 4220 ⁹
274 4228 338 4284 tam
358 4219 451 4281 facile
472 4220 613 4297 superari
634 4237 723 4297 qaam
743 4218 818 4300 faga
839 4220 905 4282 ete!
927 4222 967 4280 ab
990 4221 1051 4280 loa.
1073 4219 1138 4278 Sar.
1161 4217 1266 4277 addita
1288 4233 1360 4277 esse
1381 4217 1533 4276 videntur.
1585 4221 1602 4292 ΙΙ
1650 4215 1731 4290 XLI,
1753 4216 1927 4277 n=1²aa
1960 4217 2068 4277 W.D.

274 4317 361 4378 Soar.
401 4317 551 4387 Iratus
577 4317 704 4378 silio
696 4335 765 4395 rpse
786 4320 817 4379 te
839 4317 968 4380 caereo!
1009 4317 1123 4377 Nunc
1114 4332 1175 4376 ram
1196 4319 1333 4374 nostram
1354 4315 1538 4374 sententiam
1558 4315 1598 4375 ad
1619 4317 1719 4392 caput,
1744 4316 1826 4392 quod
1847 4319 1898 4376 est
1918 4316 1957 4376 de
1977 4316 2067 4376 malis

272 4415 353 4492 tiliis,
377 4416 564 4491 pertinuisse
585 4415 778 4494 intelligitur
823 4409 840 4480 ll
881 4430 916 4477 22
940 4413 1113 4485 Doccltoris]
1135 4413 1249 4491 scripsi
1270 4413 1340 4473 coll.
1361 4412 1450 4473 Diod.
1461 4401 1531 4524 ''Sia
1554 4417 1581 4490 1,
1602 4415 1653 4474 65:
1676 4401 1774 4477 Menai
1793 4409 1829 4476 dd
1854 4433 1931 4488 τους
1955 4433 2067 4498 προει-

273 4509 428 4630 ρημένους
461 4511 588 4590 βασιλ
557 4535 604 4587 arg
634 4509 798 4592 διεδέξατο
832 4501 890 4599 τήν
920 4501 1020 4598 ἆρχήν
1048 4501 1222 4621 Βόκχορις,
1256 4511 1306 4594 aqi
1335 4505 1393 4589 μὲν
1422 4497 1548 4588 σώματι
1580 4507 1745 4586 amulric
1772 4499 2067 4598 εὐκαταφρόνητος,

273 4631 420 4696 αγχιισιᾳ
444 4607 480 4674 dd
504 4599 590 4674 erola
610 4606 726 4696 daupi
714 4633 779 4673 οων
797 4608 863 4674 ταῖν
883 4596 1216 4694 προβασιλευσάντων.
1249 4611 1333 4685 1,95
1355 4610 1481 4670 etPlut.
1494 4609 1612 4670 Demet.
1628 4613 1679 4671 17.
1727 4609 1745 4682 ΙΙ
1795 4611 1901 4673 Dian
1931 4607 2067 4669 XLII:

272 4709 404 4770 Lind..ti
455 4705 472 4773 ΙΙ
523 4709 629 4786 XLIII,
652 4715 679 4768 1.
710 4709 812 4770 I..Sar
831 4710 898 4769 I‘ol
920 4713 947 4786 5,
965 4711 996 4770 6ε
1018 4707 1106 4768 Unde
1127 4707 1310 4768 Socrates
1332 4709 1502 4786 quaerenti,
1524 4709 1678 4784 quomodo
1699 4710 1767 4785 qais
1788 4707 1900 4770 samam
1922 4707 2067 4785 optimam

273 4809 476 4885 compararat,
499 4808 590 4867 Si..
612 4826 775 4887 ...pauca
817 4807 870 4868 W.
893 4809 928 4868 Β
950 4807 1051 4869 Socr.
1092 4807 1334 4884 Interrogatus
1324 4825 1356 4866 ra
1383 4824 1444 4883 qao
1466 4808 1536 4883 quis
1557 4807 1668 4868 lamam
1689 4809 1851 4884 acquirere
1879 4807 1988 4884 possit,
2009 4809 2066 4868 ait:

273 4903 356 4983 Sig.
378 4921 407 4965 ο.
429 4905 502 4965 etl.
523 4877 597 4984 dp.
648 4899 664 4968 ll
716 4906 830 4983 XLIII
853 4909 881 4967 2
923 4908 976 4966 W.
998 4906 1033 4965 B.
1053 4905 1339 4966 Demosthenes:
1368 4904 1432 4981 laq.
1454 4922 1479 4966 e.
1501 4923 1531 4982 q.
1553 4923 1582 4983 p.
1603 4924 1632 4968 o.
1654 4907 1682 4966 d.
1704 4908 1761 4967 ait:
1785 4905 1819 4965 Sr
1839 4905 1965 4965 nrhrld
1988 4923 2016 4966 ιι
2037 4923 2067 4982 q

273 5003 304 5063 b.
326 5021 349 5064 s.
402 5005 418 5076 ΙΙ
467 5003 580 5080 XLIII,
607 5007 637 5064 1
676 5005 755 5065 I’l.ut
781 4990 1869 5122 ορορΙι11ι.Βος.ο116ψ.Ρ1ιοοίοοο2ιἘκκλησίαςδὲγενσιιένσς
1897 5023 1984 5086 προς
2011 5023 2068 5067 aar

272 5088 420 5178 εἰπόντα,
442 5095 667 5184 Σκεπιομένῳ,
694 5125 720 5164 ω
709 5090 939 5180 Φωκίων,
926 5095 1045 5180 ε’σικας,
1065 5089 1209 5188 Ὀρθῶς,
1231 5093 1313 5186 ἔφη,
1339 5091 1504 5179 sonuisse
1526 5098 1705 5182 σκέπτομαι
1724 5123 1800 5188 γαρ,
1827 5097 1858 5164 εἲ
1877 5121 1910 5163 τι
1930 5090 2068 5181 δύναμαι

273 5189 488 5282 νιεραιλεῖν7
457 5221 504 5262 ιον
531 5195 636 5279 pstea
665 5195 764 5282 λέγειν
791 5221 878 5284 προς
908 5191 1111 5288 Ἀθηναίους.
1153 5199 1199 5260 01
1226 5201 1619 5262 Plnt.v.Demastlr.10.
1669 5205 1686 5276 ΙΙ
1741 5215 1771 5262 ιι
1793 5201 1921 5276 plurima
1947 5200 2066 5277 puteis]

274 5298 440 5361 Sallustius
460 5299 531 5360 hist.
552 5299 575 5358 I.
597 5303 615 5360 3
637 5301 687 5360 ed.
705 5299 803 5360 Kritz.
825 5301 865 5361 de
886 5300 1012 5362 Catone:
1037 5301 1166 5364 Romani
1186 5301 1311 5379 generis
1331 5299 1555 5361 disertissimus
1578 5297 1700 5371 [malta]
1723 5301 1830 5378 paucis
1852 5300 1995 5361 absolvit.
2042 5305 2060 5376 ΙΙ

281 5410 314 5460 ts
338 5403 368 5458 ιἰι
389 5397 527 5474 corpore]
550 5399 652 5460 malim
672 5403 702 5459 ιἰι
723 5403 824 5476 eapite.

1811 5523 1830 5579 5
