4982 6280
1021 617 1267 686 -·17..

249 805 284 876 in
310 803 423 876 codiee
449 827 520 888 suo,
547 818 637 877 certo
662 807 793 878 cuidam
810 807 1008 901 philosopho
1025 809 1172 881 tribuere
1189 835 1251 882 nec
1267 813 1452 906 potuit'nec
1469 815 1583 900 voluit,
1610 817 1844 892 blonacensem
1870 821 2037 915 epitomen

248 938 281 1000 et
304 929 487 1000 Parisinam
511 929 568 1002 vix
592 943 744 1025 quartam
770 931 891 1023 integri
918 934 1027 1026 operis
1052 943 1181 1028 partem
1208 937 1343 1031 explere
1368 939 1577 1010 statuendum
1604 949 1665 1012 est.

346 1131 530 1216 Quaerenti
556 1133 596 1204 de
622 1133 844 1228 descriptione
869 1137 979 1228 operis
1005 1135 1187 1208 Caeciliani
1213 1137 1299 1210 duaa
1325 1137 1422 1230 quasi
1446 1136 1535 1210 ultro
1566 1160 1639 1210 sese
1665 1139 1808 1210 offerunt
1839 1145 2038 1226 sententiaa:
2143 1120 2146 1126 ¹

248 1256 364 1340 altera,
390 1267 427 1326 ut
451 1279 617 1350 nugarum
642 1257 746 1330 libros
771 1258 814 1328 ad
838 1259 1092 1330 similitudinem
1123 1260 1245 1332 codicis
1270 1261 1478 1334 Monacensis
1509 1262 1564 1334 vel
1588 1261 1716 1336 Valerii
1740 1265 1890 1350 Maximi,
1925 1269 2040 1356 altera,

247 1390 285 1452 nt
309 1401 365 1450 eos
391 1379 433 1450 ad
458 1381 707 1452 similitudinem
734 1381 886 1454 codicum
911 1383 1136 1456 Parisinorum
1161 1386 1214 1458 vel
1239 1385 1401 1478 Diogenis
1427 1387 1552 1460 Laertii
1584 1387 1764 1482 descriptos
1791 1391 1892 1463 luisse
1916 1402 2042 1471 statua·

247 1529 340 1578 mus:
368 1505 461 1576 illine
485 1516 573 1576 stant
588 1507 809 1590 Monacensis,
836 1510 894 1582 W.
912 1509 1039 1580 Burleii
1064 1509 1181 1590 codex,
1209 1505 1285 1600 (vid.
1311 1533 1412 1604 supra
1436 1533 1513 1604 pag.
1541 1506 1602 1603 75)
1627 1513 1750 1584 codicis
1776 1515 2042 1610 [lemburgensis

247 1629 439 1720 bragmento,
460 1628 527 1698 duo
552 1627 594 1700 de
620 1630 804 1713 latrocinio,
829 1633 856 1702 1.
883 1633 1144 1704 saresberiensis
1171 1635 1291 1706 Policr.
1317 1637 1376 1706 lll.
1407 1635 1465 1719 ll,
1495 1635 1555 1706 uhi
1588 1636 1868 1730 apophthegmata
1893 1641 1935 1711 de
1966 1663 2042 1714 ma-

246 1754 375 1826 ledietis
400 1776 508 1849 aequo
532 1753 645 1826 auimo
671 1756 816 1827 serendis
840 1759 998 1830 continua
1022 1761 1196 1852 legentum
1223 1760 1303 1832 hinc
1328 1761 1393 1831 soli
1418 1761 1572 1832 Parisini.
1624 1763 1754 1834 Codicis
1780 1765 1868 1834 enim
1894 1764 2042 1836 Linden-

246 1879 400 1972 brogiani
424 1879 516 1950 nulla
540 1879 610 1951 lere
636 1888 686 1948 est
719 1881 896 1952 auctoritas
921 1883 956 1954 in
990 1883 1054 1955 hac
1080 1907 1116 1954 re
1142 1884 1367 1968 diiudicanda,
1399 1897 1576 1980 propterea
1600 1886 1702 1980 qnod,
1737 1888 1794 1982 qui
1820 1887 1947 1982 primus
1982 1889 2044 1962 illa

248 2004 434 2096 fragmenta
460 2025 503 2072 ex
528 2000 642 2072 codiee
668 2001 812 2094 quodam
838 2003 976 2074 Caecilii
1003 2006 1066 2076 sibi
1099 2009 1275 2102 excerpsit,
1301 2001 1327 2100 §
1353 2013 1377 2082 'l
1402 2009 1514 2080 locum
1548 2033 1592 2081 ex
1617 2011 1755 2082 Caecilii
1788 2011 1874 2084 libro
1908 2023 2038 2106 quarto,

248 2127 313 2197 nisi
338 2124 462 2196 codicis
487 2125 649 2217 scriptura
674 2136 829 2219 corrupta
854 2133 912 2210 ebt,
939 2121 965 2220 ὃ
985 2131 1008 2202 8
1033 2130 1138 2202 alium
1164 2155 1207 2203 ex
1231 2131 1318 2202 libro
1343 2133 1451 2217 tertio,
1477 2125 1504 2223 §
1524 2133 1568 2204 13
1587 2134 1708 2205 iterum
1733 2135 1832 2228 plura
1856 2157 1898 2206 ex
1922 2137 2041 2208 eodem

250 2253 337 2326 libro
362 2251 425 2322 sibi
452 2261 609 2335 enotaret,
637 2253 725 2324 unde
752 2277 829 2326 eum
855 2257 968 2328 omnia
993 2279 1054 2328 suo
1082 2258 1223 2329 arbitrio¹
1244 2258 1444 2352 disposuisse
1469 2268 1616 2350 apparet.

347 2403 419 2470 lam
447 2399 537 2492 fingo
556 2401 694 2472 Caecilii
719 2424 801 2495 opus
826 2403 868 2474 ad
893 2404 1030 2476 modum
1058 2405 1212 2478 codicum
1230 2407 1454 2478 Parisinorum
1480 2405 1680 2500 descriptum
1705 2407 1818 2478 fuisse.
1856 2409 1900 2480 As
1924 2429 2044 2481 occur·

250 2525 333 2597 ritnr
358 2524 464 2607 nobis,
503 2547 611 2620 neque
637 2526 672 2596 id
696 2527 739 2597 ab
765 2527 904 2598 indoctis
936 2527 1183 2621 quaerentibus,
1220 2529 1387 2623 quomodo
1411 2530 1535 2600 factum
1566 2529 1618 2612 sit,
1655 2539 1692 2600 ut
1722 2531 1885 2602 sententia
1909 2531 1967 2602 illa
2001 2532 2043 2603 de

250 2647 457 2719 testinatione
483 2659 515 2718 et
540 2649 591 2718 ira
616 2649 745 2720 duobus
778 2650 860 2720 locis
894 2652 929 2720 in
964 2649 1060 2722 codd.
1087 2652 1141 2722 BC
1175 2653 1316 2744 legatur,
1346 2644 1372 2742 S
1399 2651 1421 2722 5
1448 2661 1480 2722 et
1505 2642 1531 2742 δ
1558 2645 1636 2737 55¹³,
1669 2654 1763 2746 prior
1794 2652 1928 2747 quidem
1954 2653 2044 2724 Pho-

250 2772 366 2855 eionis,
393 2773 497 2844 altera
523 2773 679 2844 Socratis:
714 2783 886 2868 opponunt
918 2775 981 2858 illi,
1015 2775 1266 2868 epitomatorem
1299 2776 1334 2846 iu
1360 2778 1501 2848 eandem
1527 2777 1678 2849 lraudem
1711 2777 1884 2871 delapsum
1918 2777 2037 2862 videri,

250 2919 318 2988 qua
343 2919 414 2966 sese
439 2899 499 2969 W.
525 2897 679 2967 Bnrleius
712 2897 843 2989 saepius
877 2897 985 2992 decipi
1016 2921 1130 2992 passus
1162 2901 1204 2970 sit
1235 2900 1379 2994 ideoque
1410 2900 1509 2971 huius
1542 2901 1665 2971 erroris
1697 2901 1862 2992 originem
1895 2901 2043 2972 indidem

249 3023 463 3116 repetendam
497 3043 580 3105 esso,
613 3023 702 3093 unde
733 3023 823 3093 illius
856 3046 989 3119 quoque
1022 3047 1150 3096 errores
1182 3025 1408 3118 repetivimus,
1442 3024 1601 3095 nimirum
1637 3046 1679 3094 ex
1705 3025 1776 3095 eius
1808 3024 1940 3108 codicis,
1977 3047 2044 3117 quo

251 3145 405 3216 utebatur
431 3146 557 3240 quique
574 3146 767 3217 Monacensi
792 3147 910 3217 similis
936 3147 1037 3218 luerit
1061 3169 1195 3218 necesse
1221 3155 1280 3228 est,
1307 3146 1503 3217 condicione
1529 3157 1628 3241 atque
1653 3146 1778 3218 indole.
1812 3147 2043 3241 Vid.pg.'15.

249 3269 303 3340 Ab
329 3269 404 3340 aliis
430 3269 514 3340 haec
540 3279 654 3340 contra
680 3269 850 3341 dicentur:
885 3279 1012 3339 temere
1042 3269 1301 3340 conscrihillates
1335 3289 1407 3341 esse
1440 3270 1619 3341 sententias
1644 3270 1823 3354 Parisinas,
1855 3271 1890 3340 in
1924 3271 2045 3364 quibus

252 3393 447 3465 Ciceronem
478 3395 682 3463 Xenocrates
716 3402 749 3462 et
777 3393 935 3476 Phocion,
961 3392 1227 3484 Theophrastum
1252 3393 1453 3476 Demetrius,
1480 3394 1613 3477 Caesar,
1645 3392 1831 3463 Simonides
1864 3393 2043 3484 excipient,

251 3517 287 3588 iu
320 3517 442 3610 quibus
475 3517 602 3587 Graeca
633 3539 709 3587 eum
741 3517 911 3598 Romanis,
942 3515 1131 3610 philosophi
1166 3539 1242 3586 cum
1272 3518 1389 3610 poetis,
1423 3526 1570 3588 oratores
1600 3539 1676 3588 cum
1709 3516 1964 3609 imperatoribus
1996 3515 2045 3586 sie

251 3640 346 3712 mixti
370 3641 577 3732 singulaque,
602 3640 684 3710 adeo
701 3641 893 3733 perturbata
918 3641 998 3723 sint,
1019 3649 1055 3711 ut
1070 3623 1171 3712 'haud
1197 3642 1295 3713 facile
1310 3642 1449 3734 vestigia
1473 3641 1551 3712 libri
1575 3641 1662 3712 hene
1688 3641 1843 3734 descripti
1868 3661 2043 3733 agnoscam
2137 3675 2140 3682 λ

253 3789 272 3836 a
297 3763 434 3835 librario
460 3763 562 3855 igitur
587 3765 675 3834 male
701 3763 816 3834 sedulo
846 3762 929 3834 haec
954 3785 1087 3835 corrasa
1121 3787 1191 3834 esse
1217 3774 1249 3835 et
1273 3765 1360 3836 inter
1392 3764 1606 3859 philosophos
1639 3764 1825 3835 distributa.
1877 3765 2046 3836 Consentit

255 3889 399 3981 denique
417 3909 493 3957 cum
510 3887 563 3958 his
580 3887 713 3957 tertium
739 3887 1001 3958 adversariorum
1020 3909 1136 3978 genus,
1163 3912 1245 3982 quos
1263 3889 1413 3960 omnium
1431 3889 1578 3960 maxime
1602 3889 1767 3960 timendos
1783 3911 1855 3959 esse
1873 3889 2043 3960 existimo:

254 4011 333 4084 dum
359 4012 449 4082 euim
476 4011 671 4081 testimoniis
696 4012 767 4080 nixi
800 4011 1002 4082 certissimis-
1026 4021 1125 4103 atque
1154 4011 1367 4102 gravissimis,
1393 4010 1688 4103 Lindenbrogiano
1721 4012 1795 4082 cod.
1821 4005 1847 4104 §
1874 4014 1908 4083 7.
1935 4011 1970 4082 8.
1999 4009 2044 4083 13

253 4147 286 4206 et
310 4133 561 4226 Hamburgensi
594 4110 698 4204 libro⁸
717 4134 814 4204 tertio
845 4135 1026 4205 Caecilium
1060 4135 1101 4205 de
1135 4137 1281 4218 Socrate,
1313 4136 1466 4217 Caesare,
1498 4135 1701 4218 Alexandro,
1734 4136 1821 4206 libro
1853 4143 1972 4230 quarto
2003 4134 2049 4204 da.

253 4259 437 4351 Agathocle
463 4259 585 4328 dixisse
611 4268 759 4339 mouent,
792 4258 850 4326 vix
873 4269 939 4329 tres
964 4259 1052 4341 illos,
1084 4259 1230 4343 natione,
1263 4258 1421 4341 moribus,
1456 4267 1561 4330 aetate
1587 4257 1734 4351 dispares
1760 4280 1827 4328 uno
1859 4254 2044 4350 eodemque

252 4383 341 4453 libro
366 4382 606 4475 comprehendi
630 4383 774 4475 potuisse
800 4381 972 4452 obiiciunt.

353 4531 465 4601 Unum
492 4531 593 4620 igitur
617 4540 729 4613 restat,
756 4541 791 4601 ut
816 4531 957 4601 refutata
982 4531 1042 4602 illa
1067 4531 1234 4623 opinione,
1261 4552 1362 4624 quam
1384 4529 1481 4600 modo
1499 4531 1570 4622 ipse
1594 4529 1729 4623 protuli,
1756 4529 1798 4599 ad
1814 4532 2047 4603 blonaeensem

254 4663 401 4724 nostrum
427 4655 614 4724 redeamus.
667 4655 737 4727 Etsi
764 4655 853 4725 enim
878 4640 1041 4725 nonnulla
1065 4677 1144 4747 pag.
1172 4653 1221 4724 36
1246 4652 1445 4734 notavimus,
1481 4675 1567 4745 quae
1598 4653 1695 4722 nobis
1723 4652 1946 4746 suspicionem
1969 4672 2047 4721 mo-

253 4799 332 4848 vere
344 4776 536 4862 rideantur,
563 4777 694 4870 reliqua
711 4789 821 4848 tamen
840 4777 928 4848 haud
945 4799 1048 4871 prave
1067 4776 1230 4869 descripta
1255 4797 1325 4845 esse
1342 4774 1496 4860 vidimus,
1523 4784 1556 4846 et
1572 4775 1694 4868 optime
1710 4797 1791 4846 sane
1808 4795 1880 4844 rese
1904 4773 2048 4867 applicat

254 4899 354 4991 capiti
379 4902 410 4972 ll
435 4893 490 4989 (de
515 4879 688 4995 sapientia)
724 4902 868 4984 tertium,
900 4901 988 4994 quod
1023 4900 1214 4970 inscribitur
1239 4899 1279 4970 de
1312 4897 1476 4979 doctrina3
1513 4898 1637 4990 optime
1669 4899 1769 4969 etiam
1800 4897 2048 4989 coniunguntur

255 5023 364 5115 capita
388 5025 434 5094 Xl
461 5034 494 5093 et
517 5025 591 5107 ΧΠ,
618 5024 659 5094 de
685 5025 821 5095 avaritia
853 5035 886 5096 et
918 5024 960 5126 de
992 5023 1167 5117 parcitate;
1202 5045 1298 5116 capp.
1323 5023 1431 5094 XXVI
1457 5030 1491 5091 et
1513 5022 1650 5105 XXVII,
1685 5019 1729 5092 de
1761 5021 1982 5092 taciturnitate
2015 5029 2048 5090 et

255 5143 297 5214 de
330 5145 546 5240 loquacitate;
583 5169 678 5241 capp.
704 5147 829 5217 XXXll
863 5159 895 5218 et
918 5150 1070 5232 XXXlll,
1104 5149 1146 5218 dc
1179 5149 1388 5220 contumeliis
1420 5157 1452 5218 et
1482 5148 1523 5218 de
1548 5146 1740 5242 petulantia,
1767 5156 1830 5217 etc.
1856 5156 1920 5216 etc.
1970 5147 2048 5216 Huc

255 5268 394 5350 aceedit,
421 5270 512 5362 quod
530 5271 619 5342 blon.
646 5271 808 5364 capitibus
824 5273 963 5344 XXXIV
981 5283 1013 5342 et
1029 5273 1153 5343 XXXV
1171 5265 1221 5360 (de
1245 5272 1413 5342 latrocinio
1431 5281 1463 5342 et
1480 5273 1518 5342 de
1541 5264 1808 5361 maledicentibus)
1834 5269 1877 5341 ad
1901 5269 2046 5352 tertium,

258 5391 365 5482 capite
389 5395 497 5464 XLlll
523 5395 679 5488 inscripto
714 5397 752 5467 de
784 5397 989 5488 emperantia
1014 5387 1133 5482 (XLVI
1167 5396 1205 5465 de
1230 5407 1402 5490 contemptu
1436 5387 1620 5488 pessundari)
1653 5390 1695 5464 ad
1731 5401 1885 5486 quartum
1910 5389 2047 5463 Caecilii
