4982 6280
1201 613 1421 679 ,2-

413 808 459 878 ris
483 807 585 878 verba
611 807 824 876 librariorum
850 808 1057 898 negligentia
1083 808 1137 877 vel
1163 808 1329 901 imperitia
1354 809 1466 879 multis
1498 809 1579 879 locis
1612 822 1765 902 corrupta
1791 810 1833 879 ad
1866 811 2039 902 pristinam
2064 812 2205 883 sinceri-

414 939 513 1000 tatem
545 928 732 999 revocanda
758 930 1069 1022 commentariisque
1103 931 1299 1001 illustranda
1329 942 1440 1014 erant,
1477 933 1534 1002 sed
1568 935 1665 1004 etiam
1705 934 1933 1004 disserendum
1967 945 2040 1004 crat
2070 936 2111 1006 de
2143 937 2203 1006 de-

412 1054 591 1146 scriptione
610 1053 817 1147 consilioque
836 1054 958 1146 operis,
986 1054 1027 1123 da
1049 1053 1193 1124 lontibus
1211 1065 1311 1146 atque
1328 1064 1435 1123 aetate
1453 1055 1622 1146 scriptoris
1639 1056 1882 1149 similibusque,
1909 1081 1995 1150 quae
2020 1057 2087 1128 buc
2111 1060 2204 1129 face·

413 1188 498 1247 rent.
552 1178 654 1247 Cuius
680 1180 849 1270 scriptoris
874 1179 1061 1269 fragmenta
1087 1201 1163 1248 cum
1190 1179 1225 1246 in
1252 1179 1479 1271 compluribus
1505 1179 1673 1248 codicibus
1699 1180 1903 1272 reperirem,
1939 1192 1971 1250 et
1997 1182 2043 1251 ita
2067 1183 2202 1275 quidem

415 1312 617 1393 comparata,
645 1303 771 1371 utalia
798 1303 938 1370 aliorum
965 1325 1028 1394 ope
1055 1301 1241 1380 emendari,
1269 1302 1403 1392 augeri,
1431 1302 1626 1395 locupletari
1660 1313 1811 1395 possent,
1847 1303 1937 1373 baud
1963 1305 2101 1373 minima
2125 1327 2202 1396 pars

414 1439 486 1497 erat
509 1427 619 1520 operis
644 1429 722 1508 mei,
751 1451 790 1497 ea
815 1429 860 1496 ita
887 1428 973 1502 inter
998 1451 1034 1497 se
1060 1439 1237 1497 contexere
1264 1437 1365 1520 atque
1394 1427 1579 1520 disponere,
1609 1438 1645 1496 ut
1663 1426 1704 1495 ad
1723 1425 1900 1518 pristinum
1925 1426 2077 1496 ordinem
2103 1451 2203 1519 quam

414 1552 565 1644 proxime
592 1553 798 1622 accederent.
849 1552 955 1624 lllalui
987 1562 1116 1632 tamen,
1152 1575 1241 1620 nunc
1266 1553 1398 1630 saltem,
1435 1574 1475 1620 ea
1507 1552 1634 1642 integra
1669 1560 1768 1643 atque
1803 1550 1995 1643 incorrupta
2029 1551 2201 1637 exhibere,

414 1686 511 1768 prout
535 1675 616 1746 mibi
642 1676 705 1767 ipsi
731 1676 860 1745 codices
886 1676 1056 1768 librosque
1088 1687 1214 1744 veteres
1249 1677 1427 1767 impressos
1460 1675 1681 1768 perscrutanti
1713 1675 1811 1745 obvia
1845 1675 1994 1757 luerunt,
2029 1698 2072 1745 ue
2105 1677 2200 1758 mibi,

415 1800 504 1891 quod
530 1810 633 1869 totam
659 1823 730 1869 rem
758 1800 1273 1892 perturbaverim'lectorumque
1299 1800 1422 1869 iudicio
1444 1799 1621 1888 caliginem
1647 1799 1821 1869 olludarim
1847 1799 1928 1868 vitio
1954 1808 2093 1869 vertant.
2133 1803 2202 1870 Nec

415 1924 480 1993 erit
507 1925 671 2017 profecto,
706 1947 765 1993 cur
799 1924 920 2017 aliquis
952 1924 987 1992 in
1015 1924 1161 1995 editione
1194 1925 1346 2018 principe
1378 1925 1553 1994 meliorem
1579 1926 1841 2016 fragmentorum
1866 1925 2115 2018 dispositionem
2141 1947 2201 1994 suo

415 2047 490 2116 iure
514 2047 695 2128 desideret,
731 2047 772 2115 da
799 2070 865 2140 qua
891 2046 971 2139 quid
998 2070 1061 2138 ego
1086 2047 1246 2127 sentiam,
1282 2049 1343 2116 sub
1370 2048 1470 2116 finem
1496 2050 1646 2140 opusculi
1672 2049 1739 2117 mei
1764 2048 1908 2118 breviter
1943 2050 2091 2119 elocutus
2116 2071 2200 2118 sum.

415 2173 498 2242 Cum
524 2173 627 2241 altera
652 2172 751 2241 buius
777 2172 946 2263 scriptoris
972 2170 1116 2240 editione
1143 2193 1225 2263 opus
1251 2170 1326 2250 crit,
1362 2169 1420 2238 illa
1447 2170 1565 2239 melius
1590 2170 1796 2263 disponenda
1823 2171 1963 2252 curabo,
1997 2182 2029 2240 et
2054 2172 2201 2241 auctiora

416 2295 551 2364 sortasse
575 2296 765 2388 prodibunt,
792 2295 971 2364 dummodo
997 2305 1054 2364 aut
1078 2294 1135 2363 alii
1162 2316 1213 2375 ea,
1240 2316 1342 2385 quam
1369 2315 1432 2384 ego
1453 2295 1621 2384 ingressus
1646 2317 1731 2376 sum,
1759 2295 1812 2364 via
1833 2294 2025 2386 procedant,
2051 2305 2108 2365 aut
2131 2296 2201 2388 ipsc

415 2419 534 2498 iterum
559 2420 701 2490 Parisios
726 2419 892 2512 profectus
918 2418 1049 2501 eadem,
1077 2442 1143 2511 qua
1168 2409 1300 2500 adhuc‚'
1315 2421 1408 2490 fruar
1434 2420 1584 2490 samanae
1610 2421 1852 2491 benevolentia.

515 3113 695 3180 Auctorem
722 3109 834 3198 igitur,
861 3131 962 3201 quem
988 3108 1213 3178 oblitteratum
1238 3109 1280 3178 ab
1306 3108 1483 3178 oblivionis
1508 3107 1632 3178 iniuria
1658 3110 1814 3179 asserturi
1831 3132 1957 3193 snmus,
1984 3109 2203 3179 Caecilium

417 3233 582 3304 Balbum
608 3255 678 3300 esse
704 3232 831 3324 accipe.
882 3231 983 3301 Cuius
1009 3230 1144 3323 quidem
1177 3253 1299 3299 nomen
1326 3245 1358 3299 et
1388 3253 1488 3323 opus,
1522 3233 1673 3323 quamvis
1706 3233 1739 3301 in
1774 3233 1907 3304 silentio
1940 3234 2103 3317 iacerent,
2135 3255 2204 3302 non

417 3379 552 3450 prorsus
578 3366 686 3425 tamen
712 3354 879 3423 oblivione
907 3355 1067 3422 exstincta
1094 3365 1198 3434 erant,
1225 3353 1253 3421 si
1279 3353 1414 3446 quidem
1441 3353 1526 3423 inter
1547 3355 1650 3424 medii
1671 3357 1744 3425 aevi
1769 3357 1944 3449 scriptores
1970 3378 2066 3438 unus,
2093 3353 2205 3448 quoad

418 3479 532 3560 sciam,
558 3481 702 3548 loannes
728 3476 998 3558 Saresberiensis,
1027 3499 1104 3545 eum
1131 3477 1164 3544 in
1190 3475 1386 3546 Policratico
1412 3477 1523 3547 citavit
1547 3480 1725 3572 locumque
1752 3503 1794 3549 ex
1816 3479 1887 3548 eius
1913 3479 2117 3573 praefatione
2142 3501 2204 3571 pe-

419 3603 512 3673 titum
538 3603 696 3672 laudavit.
747 3600 840 3670 Idem
866 3600 1080 3692 praelationis
1106 3600 1198 3668 locus
1225 3607 1258 3666 et
1283 3597 1317 3667 in
1343 3599 1511 3669 Vincentii
1535 3603 1780 3672 Bellovacensis
1812 3604 1946 3695 speculo
1975 3601 2093 3671 morali
2117 3599 2206 3692 legi-

418 3739 482 3813 tur,
511 3730 648 3801 Caecilii
674 3729 811 3823 quidem
836 3729 972 3797 nomine
998 3751 1065 3797 non
1092 3727 1214 3808 addito,
1242 3726 1299 3795 sed
1325 3725 1514 3819 praemissis
1539 3725 1668 3795 verbis:
1703 3727 1816 3797 »Unus
1841 3737 1952 3796 orator
1978 3726 2114 3819 quidam
2139 3726 2207 3795 im-

418 3854 561 3945 peratori
586 3855 726 3945 loquens
744 3852 875 3922 dicebat
893 3863 977 3921 eto.»
1007 3851 1096 3922 unde
1114 3851 1290 3922 Vincentio
1307 3851 1535 3921 bellovacensi
1553 3849 1690 3920 Caecilii
1716 3873 1839 3919 nomen
1858 3860 1914 3920 aut
1929 3851 2029 3943 plane
2054 3851 2206 3940 ignotum
2226 3885 2234 3900 =

418 3979 520 4048 luisse
546 3990 700 4072 apparet,
728 3990 785 4048 ant
810 3987 916 4060 certe,
950 3980 976 4047 si
1003 3979 1111 4069 ipsum
1136 3980 1299 4047 loannem
1326 3975 1611 4045 saresberiensem
1637 3986 1713 4043 ante
1739 3973 1852 4043 oculos
1882 3973 2012 4054 babuit,
2047 3974 2136 4066 quod
2163 3973 2206 4042 ad

419 4103 519 4173 fidem
544 4104 679 4195 propius
706 4114 765 4184 est,
792 4112 859 4172 tam
886 4103 1102 4194 peregrinum
1129 4102 1290 4181 sonuisse,
1316 4111 1352 4170 ut
1370 4122 1446 4169 cum
1465 4101 1534 4191 ipse
1561 4100 1600 4169 de
1627 4099 1698 4168 cius
1719 4100 1785 4170 vita
1812 4108 1844 4168 et
1869 4109 1977 4168 aetate
2003 4097 2087 4168 nibil
2113 4120 2206 4167 com-

418 4238 549 4321 pertum
576 4228 724 4308 haberet,
752 4227 869 4298 lectori
895 4250 1016 4296 nomen
1044 4227 1184 4296 reticere
1209 4226 1309 4294 satius
1336 4225 1481 4294 duceret.
1535 4224 1597 4293 Sed
1626 4223 1688 4294 boc
1714 4232 1763 4292 est
1787 4223 1913 4316 ipsum,
1941 4246 2022 4315 quo,
2048 4233 2085 4298 ut
2109 4221 2207 4292 multi

419 4353 555 4421 fortasse
581 4351 785 4444 antiquitatis
815 4351 893 4421 libri
920 4351 954 4418 in
980 4349 1184 4419 oblivionem
1216 4348 1348 4417 adducti
1374 4347 1449 4428 sint,
1486 4348 1638 4417 ellectum
1664 4357 1723 4417 est.
1775 4345 1943 4429 Quicum
1970 4345 2114 4437 antiquis
2139 4346 2205 4414 iam

418 4473 622 4568 temporibus
648 4480 779 4566 saepius
805 4475 839 4543 in
866 4475 1031 4567 epitomen
1057 4485 1272 4564 cogerentur,
1308 4473 1342 4542 id
1369 4472 1458 4565 quod
1485 4481 1516 4540 et
1542 4471 1690 4541 Caecilio
1721 4483 1833 4541 nostro
1860 4471 1995 4553 accidit,
2032 4471 2113 4564 quid
2139 4470 2206 4539 iam

419 4599 587 4690 reliquum
614 4610 683 4668 erat
707 4599 749 4667 ad
776 4621 910 4668 omnem
929 4621 1044 4667 eorum
1062 4597 1258 4666 memoriam
1285 4595 1573 4687 exstinguendam,
1598 4595 1666 4664 nisi
1691 4607 1726 4665 ut
1751 4619 1873 4665 nomen
1899 4597 2041 4666 auctoris
2066 4593 2205 4664 rescisso

420 4721 554 4791 lorsitan
580 4723 688 4813 primo
716 4722 796 4791 [olio
814 4721 1077 4792 oblitteraretur?
1104 4720 1245 4790 Cuinam
1264 4719 1386 4789 mirum
1404 4719 1564 4811 reliquias
1581 4719 1749 4790 oblivione
1767 4720 1965 4812 interceptas
1984 4721 2049 4790 iam
2066 4720 2145 4789 inde
2163 4718 2205 4789 ab

420 4869 460 4915 eo
487 4856 635 4938 tempore
663 4855 719 4916 aut
743 4847 843 4938 plane
869 4845 1037 4936 neglectas
1064 4845 1215 4927 iacuisse,
1243 4853 1298 4914 aut
1324 4843 1493 4913 rarissime
1520 4854 1646 4914 tantum
1672 4845 1863 4937 descriptas,
1890 4844 2008 4914 iterum
2035 4854 2206 4935 excerptas

420 4969 561 5062 aliisque
587 4968 795 5039 intermixtas
821 4969 1073 5061 diligentissime
1100 4968 1235 5038 demum
1261 4968 1451 5060 indagando
1477 4978 1574 5061 atque
1601 4968 1830 5059 investigando
1861 4967 1896 5036 in
1921 4969 2031 5040 lucem
2056 4966 2207 5061 protrahi

420 5095 586 5187 potuisse‘l
1519 5107 1523 5112 ’

517 5270 592 5338 lam
618 5277 653 5339 ut
678 5268 791 5340 redeat
815 5267 938 5350 oratio,
965 5267 1054 5338 nude
1079 5267 1253 5360 paululum
1279 5265 1431 5349 deflexit,
1465 5267 1653 5338 Policratici
1677 5269 1806 5350 locum,
1839 5268 1880 5338 de
1906 5290 1972 5360 quo
1998 5265 2096 5338 modo
2121 5266 2203 5352 dixi,

422 5390 606 5462 adscribam
631 5393 796 5486 simulque
821 5393 1076 5484 discrepantiam
1100 5389 1269 5502 vincentii
1293 5391 1537 5462 bellovacensis
1563 5391 1774 5485 subiungam.
