4982 6280
1063 545 1304 620 ...85³

334 748 481 840 heqnus,
507 746 669 828 clemens,
695 743 963 838 patientissimus,
990 753 1091 836 aque
1115 743 1149 814 iu
1174 744 1299 816 amicos
1323 744 1502 838 perfidelis.
1540 744 1628 838 Eplt.
1647 743 1688 814 de
1705 745 1801 816 Caes.
1823 743 1883 816 ld:
1910 745 2073 818 Liberalis

332 873 369 944 in
395 873 518 944 amicos
535 880 567 941 et
583 881 750 965 tamqnam
768 869 855 942 ritae
872 867 1067 940 condicione
1093 891 1164 963 par,
1192 871 1402 942 societatibus
1427 868 1564 962 pertrui.
1603 868 1678 940 hel.
1696 869 1889 962 Spartianus
1906 869 2012 942 Hadr.
2030 873 2071 943 lia

332 995 478 1066 Traiano
503 995 633 1068 divinos
658 993 801 1066 honores
826 994 911 1066 datis
937 993 979 1064 ad
1004 1003 1156 1066 senatum
1182 994 1376 1088 etquidem
1403 992 1654 1064 accuratissimis
1687 993 1805 1064 litteris
1829 995 2014 1087 postulavit,
2041 999 2074 1065 et

334 1117 461 1188 cunctis
486 1118 672 1190 volentibus
696 1118 827 1199 meruit,
854 1118 901 1188 ita
925 1125 960 1188 ut
985 1127 1117 1187 senatus
1141 1117 1258 1200 multa,
1284 1137 1371 1210 quae
1388 1117 1580 1188 Hadrianus
1600 1137 1667 1188 non
1693 1118 1923 1210 postulaverat,
1950 1117 1984 1188 in
2010 1117 2074 1189 ho-

332 1263 450 1312 norem
475 1241 610 1313 Traiani
634 1251 751 1336 sponte
776 1241 980 1312 decerneret.

283 1389 380 1463 Unde
406 1401 495 1461 certe
520 1391 595 1462 viro
621 1388 766 1462 Traiano
798 1389 925 1462 divinos
955 1390 1098 1460 bonores
1122 1410 1190 1458 nou
1227 1388 1355 1459 habitos
1381 1407 1451 1460 esse
1483 1395 1631 1482 apparet.
1680 1389 1766 1460 Meri
1799 1387 1900 1480 igitur
1931 1387 2074 1462 honoret

283 1520 359 1586 snut
383 1525 416 1584 et
440 1537 500 1608 per
525 1515 781 1585 assentationem
806 1515 937 1608 scripta,
964 1537 1052 1608 quae
1077 1513 1111 1584 iu
1138 1513 1239 1585 Plinii
1264 1515 1389 1607 Peneg.
1407 1538 1437 1585 c.
1462 1516 1503 1584 11
1533 1515 1691 1608 legimus:
1721 1513 1873 1586 »Dicavit
1897 1515 1990 1586 eaelo
2015 1513 2074 1584 Ti-

283 1639 394 1710 berius
424 1641 622 1733 Augustum,
658 1640 716 1710 sed
748 1649 785 1710 ut
813 1639 993 1711 maiestatis
1027 1639 1154 1708 crimen
1187 1637 1374 1718 iuduceret;
1408 1637 1584 1711 Claudium
1614 1641 1715 1723 Nero,
1750 1640 1808 1710 sed
1840 1649 1876 1710 ut
1906 1636 2073 1718 irrideret;

282 1763 522 1878 Vespasianum
548 1763 651 1846 Titus,
677 1763 887 1834 Domitianus
912 1763 1035 1845 Titum,
1062 1760 1119 1833 sed
1146 1762 1214 1845 ille,
1240 1731 1276 1832 ut
1302 1761 1357 1832 dei
1383 1763 1481 1846 lilius,
1509 1763 1574 1847 hic,
1610 1773 1645 1835 nt
1670 1765 1771 1836 frater
1796 1727 1973 1836 videretur
2023 1763 2074 1834 Tu

283 1851 445 1960 sideribus
469 1898 599 1983 patrem
625 1881 659 1977 (i.
687 1911 718 1958 e.
742 1883 897 1979 Nervam)
924 1889 1075 1970 intulisti,
1111 1911 1177 1959 nou
1204 1888 1246 1959 ad
1272 1898 1397 1958 metum
1423 1887 1557 1971 civium,
1591 1911 1658 1958 uon
1684 1889 1718 1958 in
1750 1887 1986 1958 contumeliam
2009 1910 2074 1958 uu·

281 2013 421 2095 minum,
455 2035 521 2083 non
558 2013 593 2082 in
620 2010 781 2082 honorem
815 2024 921 2095 tunm,
955 2012 1014 2082 sed
1046 2011 1126 2105 qnia
1159 2010 1258 2081 deum
1292 2010 1410 2083 credis.
1461 2011 1571 2084 Minus
1597 2018 1646 2082 est
1669 2010 1735 2081 boc
1764 2005 1800 2101 (1.
1827 2033 1858 2081 e.
1886 2011 1995 2082 minor
2027 2019 2074 2080 est

282 2135 505 2226 ἀποθεώσεως
529 2129 660 2226 honor),
686 2159 762 2207 cum
780 2135 817 2206 lit
833 2137 875 2206 ab
893 2134 957 2219 bis,
984 2135 1042 2229 qni
1060 2146 1093 2205 et
1111 2157 1183 2206 sese
1209 2135 1287 2205 deos
1312 2144 1427 2229 putant
1452 2129 1621 2228 (iutelligit
1636 2135 1748 2206 Titum
1774 2146 1806 2206 et
1821 2128 2072 2224 Domitianum).
2126 2171 2130 2184 ·

282 2259 349 2330 Sed
373 2259 451 2329 licet
483 2260 579 2330 illum
612 2260 691 2342 aris,
725 2257 966 2352 pulvinaribus,
1002 2257 1138 2329 flamine
1164 2259 1265 2342 colas,
1299 2281 1367 2328 non
1393 2257 1461 2329 alio
1486 2260 1592 2351 magis
1618 2269 1727 2329 tamen
1753 2259 1853 2329 deum
1879 2267 1913 2329 et
1936 2257 2017 2329 sacis
2042 2267 2075 2328 et

282 2382 415 2476 probas,
442 2405 567 2476 quam
592 2383 705 2478 quod
737 2384 830 2476 ipse
861 2381 968 2453 talis
997 2403 1049 2452 es.
1100 2384 1138 2453 ln
1164 2381 1312 2475 principe
1339 2383 1440 2465 enim,
1467 2383 1526 2476 qui
1551 2382 1657 2455 electo
1681 2402 1870 2454 successore
1895 2383 1966 2454 lato
1991 2403 2074 2451 cou-

282 2505 389 2590 cessit,
415 2527 481 2576 una
498 2507 615 2578 eadem
633 2506 882 2600 quecertissima
899 2505 1077 2578 divinitatis
1102 2506 1184 2577 fides
1207 2506 1316 2577 bouus
1341 2529 1544 2578 successor.»
1589 2508 1719 2593 Quibus
1743 2509 1888 2601 probatis
1912 2507 2074 2578 sententia

229 2675 233 2686 ·
282 2627 341 2698 illa
367 2627 407 2698 de
433 2629 591 2700 Suetonio
616 2651 692 2722 pag.
720 2628 863 2700 tte-5¹
894 2629 1061 2723 proposita
1086 2629 1210 2722 optime
1235 2628 1343 2711 stabit,
1372 2631 1531 2722 qnoniam
1556 2629 1612 2700 hic
1636 2631 1720 2702 vitas
1751 2655 1826 2702 suas
1859 2631 1986 2704 dnobus
2018 2631 2073 2704 vel

281 2751 385 2821 trihus
420 2753 514 2822 annis
547 2762 619 2846 post
643 2752 780 2824 Traiani
816 2761 966 2835 mortem,
993 2753 1015 2822 i.
1043 2773 1073 2823 e.
1101 2773 1188 2823 anuo
1225 2754 1295 2824 lere
1327 2753 1508 2826 centesimo
1538 2754 1696 2826 vicesimo
1727 2766 1801 2848 post
1826 2755 1904 2828 Chr.
1931 2779 1964 2826 u.
1991 2777 2074 2826 con·

281 2875 420 2968 scripsit,
453 2899 518 2970 qua
553 2878 594 2948 de
628 2901 665 2949 re
696 2880 811 2949 confer
835 2877 1052 2950 Laurentium
1084 2878 1215 2972 Lydum
1249 2877 1289 2948 de
1322 2877 1471 2969 magistr.
1506 2881 1542 2962 2,
1577 2877 1600 2950 6
1633 2889 1666 2949 et
1692 2881 1819 2952 Osanui
1851 2889 1963 2950 annm.
1997 2879 2070 2951 crit.

281 2997 316 3069 in
342 2999 482 3084 Quintil.
513 3013 597 3094 part.
624 3004 682 3074 lll.
734 3003 867 3074 Gicssae
896 2999 990 3074 1815
1017 3024 1093 3096 pag.
1120 3003 1180 3073 20.

379 3149 461 3220 Sunt
486 3159 609 3234 tamen,
636 3175 723 3244 qnae
749 3151 971 3245 suspicionem
997 3159 1163 3233 moveant,
1199 3160 1232 3220 et
1260 3151 1294 3221 in
1327 3148 1387 3221 illo
1416 3151 1610 3246 praesertim
1634 3153 1774 3224 Ausonii
1807 3152 1881 3222 loco
1905 3152 2021 3246 Epigr.
2048 3151 2070 3222 8

869 3315 1125 3378 EXHORTATIO
1155 3315 1211 3378 At>
1240 3313 1483 3378 honestum.

676 3443 780 3512 Fama
806 3450 853 3512 est
878 3440 1034 3512 fictilibus
1060 3461 1195 3512 cenasse
1221 3437 1426 3531 Agathoclea
1448 3461 1576 3532 regem,

727 3564 837 3657 Atque
863 3563 1003 3636 abacum
1029 3563 1142 3634 Samio
1167 3585 1266 3657 saepe
1291 3585 1446 3635 onerasse
1472 3564 1552 3634 luto.

673 3687 814 3758 Feronia
840 3687 1014 3780 gemmatis
1039 3709 1116 3757 cum
1141 3697 1281 3781 poneret
1304 3686 1441 3758 horrida
1464 3685 1562 3771 vasis,

725 3811 769 3880 Et
793 3810 950 3881 misceret
974 3832 1052 3902 opes
1077 3809 1339 3902 pauperiemque
1364 3811 1474 3894 simul,
1505 3887 1510 3906 ,

675 3931 861 4015 Quaerenti
887 3955 1020 4004 causam
1044 3931 1232 4026 respondit:
1258 3934 1330 4004 Rex
1356 3956 1420 4027 ego
1445 3934 1504 4030 qui
1528 3957 1603 4008 snm

647 4035 652 4046 ¹
727 4055 893 4141 Sicaniae,
920 4055 1024 4148 lignlo
1049 4079 1123 4127 sum
1149 4056 1299 4150 genitore
1324 4067 1424 4128 satus.

675 4180 856 4249 fortunam
881 4191 1074 4251 reverenter
1099 4181 1196 4264 habe,
1222 4181 1424 4276 quicumque
1449 4194 1587 4278 repente

723 4303 825 4374 Dives
850 4303 893 4374 ab
919 4305 1000 4374 exili
1024 4303 1242 4398 progrediere
1267 4303 1379 4375 domo.

283 4458 402 4528 collato
428 4479 503 4528 cum
530 4460 627 4530 Lind.
655 4462 679 4530 'l
705 4464 787 4532 etl.
815 4462 946 4534 Sarcsb.
972 4437 1106 4546 roife,
1136 4464 1181 4535 17
1207 4463 1279 4534 iure
1304 4471 1415 4533 nostro
1440 4459 1628 4532 haeremus.
1675 4460 1785 4545 Quem
1809 4459 1874 4530 nisi
1899 4460 1940 4532 ab
1965 4460 2069 4532 iuter-

282 4581 429 4674 polatore
455 4580 599 4674 quodam
626 4582 816 4654 Caeciliano
849 4584 900 4656 illi
926 4585 1027 4678 capiti
1053 4587 1091 4656 de
1116 4588 1321 4679 teroperoott'a
1352 4585 1513 4684 inscrtum
1538 4607 1609 4656 esse
1634 4584 1798 4668 concedis,
1829 4593 1942 4654 nostra
1966 4603 2069 4674 argu-

280 4715 393 4774 menta
417 4727 551 4797 prorsus
577 4706 742 4776 confutata
768 4729 839 4778 esse
864 4707 968 4778 vides.
1019 4710 1179 4793 Quamvis
1205 4712 1295 4784 enim
1320 4733 1419 4782 nemo
1444 4712 1512 4781 iam
1537 4711 1672 4794 nesciat,
1698 4711 1883 4784 Ausonium
1908 4718 1941 4780 et
1965 4709 2067 4780 multa

279 4827 491 4898 aveteribus
516 4827 729 4921 scriptoribus
755 4830 957 4923 Graecisque
984 4831 1179 4924 praesertim
1210 4833 1353 4917 duxisse,
1388 4845 1420 4904 et
1452 4845 1626 4904 centonem
1651 4835 1833 4928 nuptialem
1868 4856 1911 4904 ex
1934 4831 2068 4923 Virgilii

279 4948 497 5060 hemistichiis
522 4951 759 5044 composuisse,
790 4953 848 5024 rix
872 4963 983 5024 umen
1009 4957 1184 5051 qnisquam
1211 4961 1285 5041 erit,
1318 4961 1377 5054 qui
1402 4983 1480 5031 eum
1505 4961 1580 5032 illos
1610 4983 1724 5032 versus
1748 4984 1866 5055 parum
1900 4959 2067 5052 elegantes

281 5097 324 5144 ex
349 5073 487 5146 Caecilii
522 5075 609 5146 libro
635 5075 846 5169 descripsisse
871 5087 1014 5150 censeat.
1065 5083 1188 5153 Verum
1218 5093 1333 5154 contra
1367 5083 1450 5154 haec
1475 5085 1538 5156 tria
1569 5093 1765 5176 argumenta
1798 5083 1947 5178 prolerre
1977 5083 2066 5163 licet,

280 5220 367 5290 quae
393 5220 526 5268 omnem
557 5200 695 5270 formose
720 5199 959 5274 dubitationem
993 5204 1124 5279 tollant·
1159 5205 1304 5298 primum
1330 5205 1405 5290 hoc,
1440 5207 1564 5301 quod
1555 5231 1590 5278 ιιι
1615 5207 1754 5279 Caecilii
1787 5229 1887 5302 opere
1921 5205 2067 5278 oratioue

280 5322 426 5416 pedestri
451 5327 641 5418 conscripto
666 5349 831 5422 nusquam
860 5329 1106 5424 conspiciantur
1137 5339 1309 5424 poctarum
1334 5353 1464 5413 versus;
1497 5331 1648 5416 alterum,
1680 5331 1770 5426 quod
1800 5331 1971 5403 versiculis
2001 5329 2067 5401 illis
