4982 6280
1203 590 1450 658 ..10-

431 806 532 878 reret,
559 795 589 866 0
615 805 774 888 tyranne3
801 795 837 865 Si
862 816 983 876 essem,
1010 793 1128 885 inquit,
1154 815 1222 863 non
1247 792 1386 863 diceres.
1436 791 1657 884 Observatum
1684 787 1808 858 etenim
1834 797 1894 869 est,
1923 787 2076 880 quotiens
2102 787 2218 880 ingre-

430 919 581 992 diebatur
607 919 735 1000 urbem,
763 941 807 989 ne
833 919 1032 1011 supplicium
1057 918 1099 988 de
1124 939 1292 1011 quoquam
1318 925 1514 988 sumeretur.
1565 905 1640 1004 (27)
1665 912 1797 983 Curtius
1830 933 1932 1004 eques
1957 914 2125 981 Romanus
2157 909 2221 982 de·

431 1043 516 1113 liciis
533 1043 685 1125 affluens,
713 1066 789 1113 com
814 1064 965 1112 macrum
982 1041 1116 1112 turdum
1141 1042 1334 1136 sumpsisset
1359 1043 1394 1111 in
1419 1041 1571 1112 convivio
1589 1039 1753 1120 Caesaris,
1780 1039 1996 1130 interrogavit
2021 1061 2063 1108 an
2089 1037 2219 1108 mittere

431 1169 558 1239 liceret.
597 1168 779 1261 Respondit
804 1167 968 1260 princeps,
995 1166 1122 1249 Quidni
1148 1166 1263 1240 lic-eati
1289 1166 1351 1236 Ille
1374 1166 1485 1236 'statim
1510 1188 1571 1258 per
1595 1165 1772 1234 fenestram
1798 1163 1897 1234 misit.
1940 1154 2012 1254 (28)
2037 1164 2134 1234 Miles
2159 1185 2221 1257 pe-

430 1293 513 1362 ritus
535 1292 669 1384 aucupii
686 1301 853 1374 noctuam,
879 1315 965 1384 quae
984 1290 1135 1361 Caesaris
1154 1299 1266 1360 noctes
1292 1289 1544 1383 inquietaverat,
1571 1313 1628 1382 spe
1653 1288 1798 1380 ingentis
1823 1288 1965 1381 praemii
1991 1299 2120 1379 captam
2146 1287 2219 1358 tulit
2253 1304 2269 1356 5

431 1417 475 1485 ad
508 1417 694 1486 Caesarem.
745 1415 894 1486 Laudato
928 1415 1109 1509 imperator
1141 1415 1234 1484 mille
1264 1438 1418 1486 nummos
1453 1415 1525 1486 dari
1560 1413 1664 1484 iussit.
1715 1415 1759 1484 At
1789 1413 1846 1482 ille
1881 1435 1980 1483 ausus
2014 1422 2063 1482 est
2096 1413 2219 1496 dicere,

430 1540 521 1613 Malo
554 1539 651 1622 vivat,
685 1562 848 1632 avemque
880 1539 1016 1609 dimisit.
1067 1540 1225 1632 Abiitque
1255 1551 1434 1610 contumax
1464 1540 1559 1610 miles
1591 1562 1657 1609 non
1688 1539 1759 1608 sine
1786 1537 2003 1607 admiratione
2027 1538 2220 1620 multorum,

432 1663 575 1733 Caesare
601 1685 666 1731 non
692 1663 829 1732 offenso.
881 1655 954 1754 (29)
979 1666 1163 1735 Veteranus
1190 1687 1265 1734 curn
1291 1664 1353 1734 sibi
1388 1664 1441 1734 die
1474 1664 1561 1734 dieto
1593 1663 1848 1755 periclitaretur,
1889 1664 2063 1732 Caesarem
2093 1663 2222 1754 rogavit

432 1787 467 1856 in
492 1787 628 1879 publico
654 1796 689 1857 ut
714 1788 859 1857 adesset:
893 1787 950 1856 ille
975 1789 1290 1881 praestantissimum
1316 1788 1525 1870 advocatum,
1559 1810 1658 1880 quem
1693 1787 1852 1878 elegerat,
1887 1787 1957 1855 sine
1992 1808 2087 1855 mora
2120 1784 2219 1866 dedit,

431 1911 739 2003 commendavitque
774 1911 804 1980 ei
836 1912 1049 2003 litigatorem.
1100 1915 1283 1983 Veteranus
1314 1925 1423 1982 autem
1454 1912 1652 1982 exclamavit
1683 1934 1764 1981 voce
1796 1933 1936 2000 magna:
1969 1913 2013 1982 At
2046 1931 2114 1978 non
2143 1930 2216 1998 ego,
2237 1929 2271 1981 1⁰

431 2034 565 2118 Caesar,
591 2035 797 2128 periclitante
823 2045 854 2106 te
879 2036 969 2106 bello
986 2037 1135 2120 Actiaco,
1160 2036 1322 2109 vicarium
1349 2035 1508 2129 quaesivi,
1534 2035 1592 2106 sed
1618 2059 1678 2128 pro
1703 2046 1733 2104 te
1751 2036 1822 2128 ipse
1847 2035 2004 2127 pugnavi,
2030 2033 2221 2124 detexitque

431 2159 607 2252 impressas
633 2161 814 2230 cicatrices.
866 2161 1010 2231 Erubuit
1035 2161 1156 2231 Caesar
1182 2161 1338 2254 venitque
1365 2161 1399 2230 in
1426 2161 1697 2244 advocationem,
1732 2169 1768 2229 ut
1793 2161 1852 2252 qui
1876 2170 2046 2230 vereretur
2070 2181 2137 2228 non
2164 2179 2222 2225 su-

431 2286 553 2377 perbus
586 2295 726 2369 tantum,
759 2286 817 2357 sed
851 2287 949 2358 etiam
985 2287 1133 2379 ingratus
1166 2286 1282 2358 videri.
1334 2279 1406 2378 (30)
1436 2289 1620 2356 Intraverat
1653 2286 1771 2355 urbem
1805 2282 2000 2354 adolescens
2034 2281 2222 2351 simillimus

431 2408 577 2492 Caesari,
603 2411 866 2504 perductumque
892 2413 934 2482 ad
961 2413 1138 2482 Caesarem
1164 2410 1382 2503 interrogavit
1405 2413 1593 2502 Augustus:
1626 2409 1689 2478 Dio
1714 2408 1797 2478 mibi
1824 2407 2032 2485 adolescens,
2059 2404 2121 2473 fuit
2146 2425 2222 2472 um-

431 2557 531 2627 quam
557 2548 663 2606 mater
689 2544 744 2606 tua
769 2538 917 2607 Romael
949 2538 1088 2630 Negavit
1114 2538 1182 2615 ille,
1209 2561 1272 2607 nec
1298 2545 1470 2606 contentus
1496 2534 1627 2616 adiecit,
1652 2533 1718 2604 Sed
1743 2542 1840 2626 pater
1864 2553 1958 2600 meus
1991 2552 2101 2621 saepe.
2152 2526 2220 2599 loci
2238 2541 2271 2592 1⁵

431 2658 543 2751 itaque
579 2661 755 2752 asperitate
787 2662 916 2732 urbana
950 2663 1101 2732 notitiam
1135 2662 1285 2732 omnium
1321 2673 1353 2731 et
1387 2661 1645 2731 familiaritatem
1681 2658 1891 2751 imperatoris
1926 2656 1989 2726 sibi
2022 2651 2220 2723 conciliavit.

431 2775 505 2872 (31)
530 2785 699 2875 Augustus
725 2786 760 2855 in
785 2786 971 2856 Pollionem
997 2787 1173 2880 scripserat
1202 2786 1421 2856 fescenninos.
1468 2786 1512 2855 At
1537 2807 1612 2876 ego,
1639 2783 1747 2876 inquit
1770 2782 1889 2864 Pollio,
1914 2791 2019 2850 taceo.
2072 2779 2147 2848 Non
2174 2785 2223 2844 est

431 2907 504 2977 leve
531 2909 565 2977 in
591 2932 667 2978 eum
693 2910 850 2991 scribere,
877 2910 936 3003 qui
961 2919 1066 3002 potest
1091 2913 1308 3002 proscribere.
1353 2911 1444 2982 Sicut
1469 2919 1581 2981 autem
1606 2933 1674 2980 non
1700 2909 1797 2978 facile
1824 2906 2031 3000 concipiebat
2055 2903 2151 2985 iram,
2178 2901 2223 2970 ita

431 3054 494 3101 neo
532 3032 629 3102 facile
665 3033 856 3104 admittebat
890 3035 933 3104 ad
967 3034 1169 3116 amicitiam
1205 3044 1237 3104 et
1270 3059 1370 3129 quem
1401 3036 1505 3105 semel
1537 3035 1725 3116 admiserat,
1760 3029 2021 3102 constantissime
2046 3029 2221 3098 retinebat.

432 3147 503 3245 (32)
521 3157 641 3226 Eidem
668 3158 753 3228 inter
779 3160 869 3228 varia
894 3158 1059 3230 dedecora
1084 3184 1105 3229 a
1131 3161 1277 3251 quodam
1304 3161 1461 3252 probrose
1486 3161 1654 3230 obiectum
1680 3168 1738 3240 est,
1765 3158 1854 3250 quod
1880 3154 2088 3247 adoptionem
2113 3175 2221 3224 avun·
2238 3167 2272 3222 20

432 3279 499 3349 culi
525 3291 638 3374 stupro
664 3283 835 3366 meruerit,
863 3285 942 3376 quia
969 3309 1045 3355 eum
1071 3285 1175 3354 lulius
1201 3285 1322 3356 arctius
1356 3285 1526 3354 admisisse
1553 3285 1659 3356 dictus
1685 3292 1744 3364 est,
1778 3305 1845 3351 non
1878 3281 1949 3349 sine
1975 3300 2108 3349 rumore
2143 3300 2223 3369 pro·

432 3413 552 3473 stratae
578 3406 770 3498 pudicitiae.
809 3400 882 3500 (33)
902 3410 998 3480 Alius
1024 3433 1158 3504 quoque
1184 3412 1294 3482 eidem
1320 3411 1423 3481 iratus
1448 3410 1580 3492 obiecit,
1607 3409 1697 3502 quod
1722 3410 1835 3479 solitus
1863 3416 1948 3476 esset
1973 3427 2070 3475 crura
2094 3402 2223 3474 ardenti

433 3529 505 3598 face
530 3531 702 3612 suburere,
730 3556 797 3626 quo
822 3535 957 3604 mollior
983 3547 1135 3627 surgeret
1159 3537 1259 3630 pilus.
1298 3529 1372 3629 (dd)
1390 3538 1454 3607 Sed
1482 3547 1514 3608 et
1540 3561 1578 3608 eo
1605 3533 1859 3631 tympanizante,
1885 3534 1976 3602 utin
2001 3529 2110 3622 primo
2135 3528 2223 3598 libro

433 3652 555 3723 dixisse
581 3677 635 3724 me
661 3657 818 3726 memini:
844 3659 1006 3742 Videsne,
1035 3660 1141 3754 inquit
1167 3661 1318 3754 plebeius
1344 3662 1492 3755 quidam,
1519 3671 1555 3732 ut
1580 3661 1737 3731 cinaedus
1765 3659 1882 3730 orbem
1914 3656 2019 3748 digito
2045 3649 2223 3746 temperati

432 3767 505 3866 (35)
523 3780 566 3847 Et
590 3802 666 3849 cum
692 3803 800 3851 nanus
825 3783 869 3854 ob
896 3784 1042 3876 corporis
1059 3781 1492 3871 brevitatemfconviciantis
1518 3786 1691 3856 cuiusdam
1716 3785 1842 3878 impetu
1867 3782 2044 3862 diceretur,
2070 3777 2134 3847 sibi
2152 3776 2224 3845 cal·
2239 3792 2273 3845 25

433 3900 604 3971 ciamentis
631 3905 876 3995 grandiusculis
902 3909 1063 3979 utendum
1089 3933 1160 3979 esse
1186 3911 1368 4003 respondit.
1421 3903 1493 4002 (36)
1519 3912 1672 3981 Tiberius
1706 3933 1851 4004 quoque,
1878 3930 1952 3978 cum
1973 3906 2008 3975 in
2034 3903 2147 3974 multis
2172 3901 2225 3971 le-

434 4035 532 4114 gatur
557 4026 658 4098 fuisse
685 4031 871 4124 culpabilis,
899 4043 1010 4104 tamen
1036 4037 1192 4106 adversus
1218 4036 1370 4107 convicia
1387 4037 1464 4106 satis
1483 4037 1597 4107 firmus
1623 4061 1662 4106 ac
1680 4036 1809 4128 patiens
1835 4032 1967 4113 exstitit,
1993 4031 2119 4111 dicens,
2145 4026 2225 4136 quia

433 4148 468 4217 in
495 4150 626 4221 civitate
652 4153 759 4225 libera
784 4155 916 4248 linguas
942 4159 1064 4228 liberas
1091 4183 1162 4265 esse
1187 4161 1369 4254 oportebat.
1421 4152 1494 4252 (37)
1520 4164 1573 4241 Et,
1599 4171 1637 4230 ut
1662 4161 1704 4230 ad
1733 4159 1863 4252 peiores
1893 4168 2072 4237 transeam,
2104 4151 2225 4223 Domi-

432 4272 541 4343 tianus
567 4277 744 4349 verborum
770 4281 846 4351 satis
872 4283 1001 4375 patiens
1028 4283 1100 4366 fuit,
1127 4285 1161 4355 in
1188 4311 1255 4379 quo
1281 4287 1328 4356 sic
1354 4287 1470 4357 lusisse
1496 4287 1600 4356 fertur
1625 4295 1736 4355 orator
1761 4283 1925 4354 Licinius:
1961 4283 2034 4350 Non
2061 4302 2132 4348 esse
2158 4277 2224 4346 mi-

432 4399 585 4484 randum,
613 4401 701 4494 qnod
727 4428 867 4477 aeneam
893 4406 1032 4478 haberet
1054 4409 1205 4492 barbam,
1233 4412 1288 4480 cni
1304 4433 1340 4480 os
1366 4412 1523 4494 ferreum,
1550 4433 1609 4479 cor
1625 4411 1820 4506 plumbeum
1839 4416 1934 4489 esset,
1961 4403 2115 4498 eoquod
2140 4403 2272 4473 dura³⁰

448 4550 637 4560 n*—

518 4640 530 4691 t
549 4628 750 4700 Observatum]
772 4631 936 4692 Observare
954 4631 1016 4693 hoe
1036 4633 1107 4694 loeo
1130 4635 1244 4694 dictum
1265 4650 1336 4694 esse
1357 4633 1481 4693 videtur
1495 4649 1552 4710 pro
1575 4632 1664 4709 legem
1685 4631 1851 4705 observare,
1874 4645 1982 4689 morem
2002 4633 2109 4702 maere,
2131 4626 2223 4704 plano

432 4731 467 4787 nt
479 4731 617 4788 nostrum
637 4728 817 4790 leoloclteu.
847 4732 864 4803 ΙΙ
896 4727 984 4800 827.
1015 4730 1076 4792 Cfr.
1097 4731 1191 4793 blacr.
1212 4731 1275 4792 sat
1296 4735 1324 4807 2,
1346 4735 1374 4808 d,
1396 4735 1444 4792 22.
1473 4739 1490 4809 Ι)
1521 4729 1603 4802 328.
1635 4720 2222 4804 (371.Μ1101.81132,4,26.((829.

311 4867 315 4878 -
433 4825 497 4888 Cfr.
516 4827 611 4888 blacr.
632 4826 695 4887 Sat.
716 4831 746 4904 2,
767 4831 795 4905 4,
817 4831 865 4890 27.
899 4824 916 4904 ll
949 4830 1038 4903 531.
1080 4831 1141 4892 Cfr.
1162 4833 1258 4894 blaar.
1280 4829 1343 4892 Sat.
1365 4834 1393 4908 2,
1415 4832 1443 4906 l,
1465 4831 1513 4889 21·
1546 4825 1563 4905 ll
1596 4826 1686 4899 332.
1716 4827 1779 4888 cfr.
1802 4826 1883 4886 Suet.
1903 4825 1981 4903 Aug.
2004 4827 2051 4886 68.
2082 4821 2100 4901 Ι)
2133 4822 2222 4895 833.

433 4923 516 4986 Suet.
537 4927 616 5004 Aug.
637 4930 686 5005 68,
709 4931 788 5006 apud
812 4947 901 5006 quem
921 4949 995 4993 nuce
1015 4933 1131 5011 legitur
1151 4948 1208 5010 pro
1227 4934 1304 5010 soce.
1340 4926 1357 5007 ll
1389 4927 1477 5000 S3l.
1509 4928 1592 4990 Suet.
1614 4929 1636 4989 l.
1656 4929 1774 4987 l.-r'o
1790 4931 1886 5004 pomo
1907 4925 1994 4997 libro]
2017 4927 2084 4987 soil.
2106 4941 2172 5003 cap.
2195 4927 2222 4984 7.

443 5015 460 5099 ll
495 5021 584 5094 335.
626 5025 688 5087 Gfr.
709 5027 792 5089 Suet.
813 5029 833 5089 l.
854 5031 875 5089 l.
896 5029 919 5090 I.
941 5029 1007 5091 Sar.
1028 5031 1142 5093 Polior.
1163 5031 1185 5090 1.
1208 5033 1235 5091 7.
1267 5025 1285 5104 ΙΙ
1317 5027 1407 5100 §aa
1441 5027 1503 5091 ctr.
1524 5025 1607 5088 Suet.
1629 5026 1712 5086 Nero
1735 5029 1761 5086 2.
1796 5025 1989 5086 Domitianum
2010 5023 2106 5101 igitur
2125 5023 2221 5082 intol-

432 5122 496 5202 lige
508 5125 662 5186 Neronem.
694 5119 713 5203 ll
747 5139 782 5190 aa
798 5129 952 5190 verborum
973 5134 1044 5192 sotir
1060 5130 1189 5207 potiens]
1213 5129 1259 5191 Ob
1281 5129 1409 5190 eandem
1429 5127 1576 5187 virtutem
1589 5126 1753 5186 Suetonius
1775 5141 1897 5201 qnoque
1911 5123 2063 5183 Neronem
2077 5122 2222 5182 laudibus

432 5222 523 5283 effert
537 5241 602 5303 cap.
618 5227 669 5286 39:
692 5225 802 5288 Mirum
824 5232 858 5289 et
877 5227 930 5289 vel
944 5231 1110 5308 praecipue
1131 5229 1269 5291 notabile
1289 5227 1372 5290 inter
1392 5227 1471 5286 baec
1491 5224 1558 5299 fuit,
1582 5222 1660 5286 nibil
1682 5241 1749 5283 enrn
1770 5223 1937 5301 patientius
1953 5239 2041 5297 quam
2055 5221 2221 5282 maledieta

433 5322 466 5379 et
486 5324 625 5384 convicia
647 5326 801 5388 bominum
821 5329 940 5406 tulisse,
962 5346 1062 5405 neque
1083 5329 1114 5389 in
1134 5329 1216 5389 ullos
1237 5327 1395 5402 leniorem,
1425 5341 1513 5403 quarn
1536 5324 1588 5400 qui
1617 5341 1652 5384 se
1674 5323 1765 5382 dictis
1788 5323 1840 5382 aut
1861 5320 2045 5382 carminibus
2066 5319 2220 5380 laeosais-

432 5420 511 5496 80ΰῆ
533 5421 701 5485 exstitisse.
732 5417 750 5498 ll
783 5427 928 5500 Limatus]
950 5427 996 5492 sio
1016 5427 1118 5488 editur
1138 5427 1170 5488 in
1190 5426 1351 5504 Suetonio;
1376 5425 1461 5486 editt.
1483 5423 1507 5484 1.
1527 5421 1593 5482 Sar.
1614 5423 1761 5486 Laetatur.
