4982 6280
1016 599 1264 670 ..qq-

240 795 380 892 plurimi
406 796 515 867 iacere
541 796 659 877 solent,
687 796 908 866 Policraticum
933 795 1069 866 inscribi
1095 795 1164 866 sive
1190 797 1229 866 de
1252 797 1349 888 cupis
1365 796 1545 866 0111111111
1562 809 1590 867 et
1612 798 1755 890 oestipir's
1778 799 2037 892 pbilosophorum

241 922 319 992 satis
344 932 460 991 uotum
486 931 546 992 est.
585 921 680 1004 Quae
707 943 782 991 cum
809 921 854 990 ita
878 920 955 1002 sint,
982 919 1107 990 multae
1132 943 1172 990 ac
1189 920 1302 990 variae
1329 920 1480 992 lectionis
1504 919 1699 1012 scriptorem
1723 921 1770 990 ita
1794 921 1848 992 edi
1874 931 2037 1015 exoptan-

241 1046 323 1117 dum
349 1056 408 1128 est,
437 1057 472 1116 ut
495 1057 644 1116 veterum
670 1045 965 1138 scriptorum.loca
982 1044 1025 1114 ab
1042 1067 1083 1114 eo
1101 1044 1245 1136 allegata
1270 1044 1447 1138 diligenter
1470 1044 1683 1137 inquirantur
1707 1054 1806 1138 atque
1831 1047 1867 1116 in
1883 1047 2037 1138 margine

241 1181 428 1254 euoteutur,
454 1192 522 1264 quo
547 1171 691 1252 facilius,
717 1193 882 1264 quaenam
901 1193 943 1240 ex
959 1171 1126 1241 veteribus
1151 1169 1366 1263 scriptoribus
1383 1169 1448 1240 sint
1465 1168 1578 1262 petita,
1604 1189 1772 1262 quaenam
1797 1169 1899 1244 nullis
1920 1193 2037 1240 eorum

240 1294 439 1365 testimoniis
471 1295 684 1388 comprobata
715 1296 816 1366 unius
849 1295 997 1364 nitantur
1021 1293 1154 1363 loannis
1178 1292 1245 1364 [ide
1271 1303 1370 1386 atque
1396 1293 1602 1376 auctoritate,
1627 1315 1695 1362 uno
1721 1293 1817 1386 quasi
1841 1295 1958 1365 obtutu
1982 1295 2038 1364 in·

241 1419 350 1510 telligi
376 1421 495 1513 possit:
521 1443 608 1513 quae
634 1420 779 1514 denique
805 1418 877 1513 ipse
902 1419 944 1489 de
968 1441 1029 1488 suo
1054 1417 1191 1500 addidit,
1218 1418 1377 1490 facillime
1402 1415 1502 1486 abiis
1520 1417 1664 1488 discerni
1689 1418 1825 1510 possint,
1852 1441 1938 1512 quae
1963 1418 2038 1489 aliis

242 1545 342 1616 debet
366 1545 592 1637 scriptoribus.
639 1543 803 1614 Editionis
829 1543 931 1633 igitur
958 1541 1047 1613 hunc
1073 1543 1107 1612 in
1134 1542 1236 1612 linem
1261 1541 1442 1614 adornatae
1468 1539 1524 1611 bic
1549 1550 1635 1610 esset
1660 1541 1795 1624 boetus,
1822 1552 1858 1613 ut
1882 1565 1970 1636 quae
1995 1543 2039 1614 ad

242 1667 449 1760 antiquitatis
473 1669 663 1762 pertineant
688 1666 885 1738 memoriam
911 1688 1021 1759 neque
1049 1665 1082 1735 in
1108 1663 1323 1758 scriptoribus
1349 1687 1453 1758 usque
1471 1664 1514 1736 ad
1531 1673 1682 1735 nostram
1707 1675 1848 1751 aetatem
1873 1667 1909 1738 iu
1927 1668 2039 1739 lacem

242 1791 342 1862 editis
367 1793 534 1884 legantur,
562 1815 604 1862 ex
630 1791 820 1863 auctoribus
846 1813 937 1862 nunc
962 1789 1099 1882 quidem
1125 1789 1304 1882 deperditis
1329 1788 1493 1882 descripta
1519 1800 1552 1859 et
1568 1789 1715 1861 Caecilio
1732 1791 1850 1873 balbo,
1877 1791 2039 1862 Flaviano

241 1905 315 2002 (cir.
342 1916 475 1986 Fabric.
500 1915 582 1986 bibl.
610 1917 665 1987 lat.
693 1916 780 1986 med.
808 1927 841 1984 et
864 1914 925 1985 inf.
951 1923 1015 1983 aet.
1042 1913 1083 1982 ll.
1111 1931 1189 2004 pag.
1215 1911 1300 1982 sot.
1326 1912 1412 1983 Lud.
1439 1914 1511 1984 lani
1535 1914 1687 2007 prolegg.
1720 1914 1761 1985 ad
1786 1915 1934 2010 blacrob.
1960 1935 2037 2008 pag.

241 2041 367 2110 XXVII
393 2051 425 2110 et
449 2035 602 2130 xxxin)
628 2049 661 2109 et
687 2039 890 2110 Portuuiano
916 2031 999 2127 (Pol.
1027 2039 1103 2120 8,6
1129 2048 1162 2108 et
1188 2025 1276 2122 8,‘·1.
1302 2038 1402 2110 Febr.
1429 2039 1511 2110 bibl.
1537 2040 1594 2110 lat.
1620 2042 1666 2111 lll
1692 2065 1725 2134 p.
1752 2035 1838 2132 983)
1862 2039 2040 2111 tribuenda

244 2187 317 2235 esse
343 2163 601 2258 perspiceretur:
628 2162 663 2234 bi
691 2163 781 2233 enim
806 2164 869 2236 soli
895 2185 969 2234 esse
994 2161 1149 2234 videntur
1182 2162 1384 2256 antiquitatis
1408 2163 1585 2257 scriptores
1619 2165 1742 2236 iniuria
1766 2173 1952 2258 temporum
1978 2163 2039 2234 de-

227 2285 376 2383 perditi,
399 2288 520 2382 quibus
538 2286 655 2358 loanni
673 2289 744 2358 Sar.
762 2289 825 2358 llll
841 2286 950 2359 adbuc
971 2290 1084 2359 seculo
1111 2288 1160 2362 uti
1180 2289 1284 2360 licuit.
1324 2289 1390 2360 Sed
1410 2290 1507 2360 valde
1528 2290 1721 2372 dolendum,
1741 2290 1911 2360 neminem
1928 2289 2039 2361 adbuc

242 2413 452 2508 philologum
479 2413 565 2482 banc
582 2411 645 2482 sibi
671 2411 878 2504 provinciam
903 2411 1200 2483 administrandam
1217 2413 1405 2505 sumpsisse,
1433 2435 1588 2507 eumque,
1614 2414 1669 2484 cui
1694 2412 1921 2507 nuperrimam
1940 2412 2039 2484 buius

243 2538 413 2632 scriptoris
448 2537 608 2609 debemus
643 2537 820 2607 editionem
854 2535 1003 2629 quinque
1036 2536 1263 2607 voluminibus
1293 2535 1419 2608 Oxouii
1452 2559 1542 2608 anno
1580 2537 1675 2608 1818
1707 2537 1914 2632 impressam,
1942 2539 1970 2608 1.
1996 2538 2038 2608 Α.

244 2661 347 2742 Giies,
372 2662 440 2731 Iur.
466 2660 538 2731 Cir.
564 2661 754 2741 Doctorem,
780 2683 823 2730 ne
850 2681 890 2730 ea
915 2657 1052 2752 quidem
1078 2658 1153 2728 loca
1179 2659 1373 2750 inspexisse,
1399 2660 1500 2731 ubil.
1519 2661 1592 2732 Sar.
1609 2659 1682 2754 ipse
1708 2661 1829 2732 diserte
1855 2671 1889 2731 et
1912 2661 2039 2732 librum

245 2794 278 2854 et
302 2795 403 2879 capnt
428 2783 596 2876 scriptoris
622 2805 731 2852 asesc
756 2783 914 2877 descripti
940 2783 1030 2866 citat,
1056 2785 1177 2877 quibus
1202 2784 1332 2854 collatis
1348 2787 1375 2856 l.
1395 2787 1467 2858 Sar.
1485 2788 1587 2859 verba
1613 2787 1725 2858 multis
1751 2787 1833 2858 locis
1858 2786 2039 2859 emendare

244 2911 277 2980 ei
300 2903 492 3000 licuisset').
541 2907 626 2980 blibi
651 2907 714 3001 ipsi
746 2908 822 2979 aliis
847 2909 990 3002 negotiis
1016 2909 1135 2980 obruto
1160 2931 1227 2978 non
1262 2917 1389 2980 tautum
1414 2912 1475 2981 otii
1500 2920 1683 3004 supererat,
1718 2920 1843 3004 quanto
1868 2933 1952 3005 opus
1977 2911 2040 2982 init

245 3033 289 3104 ad
320 3041 424 3102 totum
457 3030 689 3103 Policraticum
728 3032 976 3103 accuratissime
1010 3030 1279 3125 pertractandum
1313 3057 1419 3128 eaque
1453 3033 1668 3128 perficienda,
1705 3056 1791 3128 quae
1825 3035 1896 3105 cius
1928 3035 2040 3128 operis

245 3160 363 3232 editori
396 3160 601 3254 perficienda
635 3168 741 3230 erant.
792 3161 907 3253 ltaque
934 3159 1023 3231 banc
1056 3159 1239 3230 studiorum
1270 3169 1400 3252 partem
1434 3169 1491 3229 ant
1521 3160 1559 3230 in
1591 3168 1762 3253 posterum
1794 3159 1879 3230 mibi
1909 3169 2039 3254 tempus

248 3284 482 3356 reservandam
508 3294 565 3354 aut
590 3283 668 3354 aliis
693 3283 950 3376 relinquendam
976 3308 1048 3356 esse
1073 3296 1165 3379 puto,
1192 3295 1225 3356 ct
1248 3307 1340 3356 nnnc
1366 3285 1503 3378 quidem
1528 3307 1568 3356 ea
1587 3285 1777 3357 Policratici
1802 3286 1878 3357 loca
1901 3308 2040 3358 enumc-

244 3433 323 3481 rare
348 3410 426 3480 satis
452 3408 572 3491 babeo,
600 3431 686 3501 quae
713 3431 788 3479 cnm
816 3409 956 3481 Caecilii
981 3409 1177 3503 fragmentis
1201 3411 1269 3482 iam
1293 3409 1328 3480 in
1355 3408 1504 3480 medium
1535 3409 1675 3504 prolatis
1709 3419 1905 3501 congruant.
1956 3411 2040 3482 Sunt

243 3556 325 3606 vero
349 3533 451 3604 baec:

443 3659 514 3730 Pol.
541 3655 576 3741 3,
605 3655 893 3728 13=Lindenbr.
913 3655 948 3727 3.
965 3656 1032 3726 nisi
1048 3655 1159 3750 potius
1175 3658 1202 3726 l.
1220 3657 1291 3727 Sar.
1311 3656 1419 3750 ipsum
1436 3655 1678 3751 Hieronymum
1696 3667 1827 3730 secutus
1845 3668 1904 3729 est.

447 3781 517 3851 Pol.
543 3779 579 3864 4,
606 3781 628 3851 3
654 3781 716 3851 sub
742 3781 952 3852 lin.=blon.
978 3783 1051 3865 XL,
1079 3783 1112 3852 1.
1140 3783 1175 3852 2.
1201 3781 1236 3852 3.
1262 3780 1297 3850 d.

442 3905 514 3976 Pol.
541 3905 575 3987 1,
604 3903 777 3976 l=blon
802 3906 956 3995 xxxix,
981 3905 1021 3990 5,
1045 3904 1102 3976 ubi
1128 3905 1215 3976 conl.
1240 3903 1354 3976 adnot.

443 4029 516 4099 Pol.
542 4028 578 4112 5,
605 4031 778 4100 6=llon.
803 4030 890 4110 XLl,
920 4030 952 4099 1.

445 4151 516 4221 Pol.
544 4151 579 4233 5,
609 4152 813 4222 17=Lind
839 4145 866 4244 §
893 4154 927 4222 7.

444 4277 514 4347 Pol.
543 4277 577 4358 8,
607 4275 846 4358 t5=1³0t.3‚
875 4274 933 4360 11,
960 4276 999 4358 8;
1026 4273 1125 4346 Lind.
1155 4276 1215 4357 iti:
1241 4277 1332 4346 bion.
1357 4275 1491 4359 XXXV,
1519 4277 1560 4356 ti:
1586 4277 1660 4346 Par.
1689 4275 1747 4347 18.

444 4399 529 4470 lbid.
555 4393 904 4492 (Diaspenis)=bion.
930 4399 1004 4480 Xll,
1034 4399 1071 4478 i:
1101 4399 1161 4471 W.
1186 4399 1225 4469 Β.
1251 4398 1467 4492 Epimenides
1494 4392 1783 4492 (Eponu'noudosi)

246 4525 458 4616 Quamquam
485 4547 571 4616 quae
597 4546 696 4595 causa
722 4521 820 4594 luerit
845 4524 872 4593 l.
899 4524 971 4593 Sar.
999 4533 1034 4592 ut
1058 4544 1169 4615 neque
1194 4521 1246 4592 bis
1272 4522 1353 4592 locis
1387 4546 1498 4617 neque
1522 4525 1593 4596 Pol.
1619 4523 1677 4596 lib.
1703 4526 1762 4596 111.
1789 4547 1860 4618 cap,
1889 4524 1936 4595 tt
1960 4517 1987 4616 §
2012 4521 2035 4594 5

246 4670 339 4742 seqq.
367 4647 503 4718 Caecilii
529 4669 650 4718 nomen
677 4645 844 4739 proderet,
877 4646 1000 4738 triplici
1026 4646 1216 4716 coniectura
1242 4647 1374 4740 assequi
1399 4646 1490 4718 licet:
1523 4656 1580 4718 aut
1608 4647 1698 4718 enim
1730 4653 1803 4740 ipse
1828 4647 2050 4762 apophtheg·⁸

1862 3971 1870 4010 l

328 4903 364 4981 ')
389 4908 442 4970 Sic
464 4925 516 4971 ea.
541 4928 585 4986 gr.
606 4909 674 4970 Pol.
695 4911 725 4986 1,
747 4911 765 4970 3
786 4911 836 4971 111.
856 4910 967 4972 edidit:
996 4907 1169 4987 ,Lycurgus
1197 4907 1343 4986 populum
1368 4909 1401 4969 in
1427 4909 1579 4986 obsequia
1603 4909 1784 4988 principum,
1813 4907 1971 4986 principes
1996 4905 2037 4969 ad

246 5007 397 5068 iustitiam
417 5011 569 5084 impiorum
588 5005 725 5082 firruontt’
745 5024 804 5086 pro
819 5011 1005 5086 imperiorum
1022 5009 1169 5087 sonuum.
1202 5005 1250 5068 01.
1262 5005 1336 5068 lust
1350 5009 1379 5085 3,
1393 5009 1422 5068 2.
1442 5007 1508 5069 Pol.
1522 5009 1551 5083 s,
1568 5009 1619 5068 11:
1640 5005 1816 5084 ,Equitibus
1830 5022 1891 5067 uon
1905 5005 2036 5084 amplius

247 5123 337 5184 quam
358 5107 498 5184 singulos
521 5107 639 5167 boone:
660 5105 715 5176 (al.
736 5107 861 5180 totores)
882 5109 1000 5170 babere
1020 5105 1186 5186 permisit’3
1207 5107 1267 5184 leg.
1288 5105 1407 5167 colones
1428 5124 1468 5167 ex
1487 5105 1591 5168 lirant
1612 5109 1699 5166 strat.
1722 5107 1751 5182 1,
1768 5109 1794 5183 1,
1811 5107 1844 5166 s:
1866 5119 1906 5164 ex
1927 5105 2037 5166 eodem

247 5207 359 5283 corrig.
381 5205 572 5266 caederentur
591 5223 649 5284 pro
670 5205 869 5268 redderentur.
910 5207 978 5268 Pol.
999 5207 1028 5283 o,
1052 5207 1089 5266 18
1111 5205 1171 5282 leg.
1194 5205 1311 5266 Comum
1335 5221 1393 5282 pro
1415 5206 1542 5266 cornua
1563 5221 1602 5265 ex
1625 5203 1698 5264 inst
1721 5205 1769 5279 20,
1790 5206 1818 5264 1.
1858 5201 1924 5264 Pol.
1945 5203 1974 5280 8,
1998 5203 2035 5263 15

246 5303 294 5364 flu.
317 5307 408 5366 scrib.
428 5307 555 5367 Minucio
576 5322 633 5385 pro
654 5307 782 5380 diuortio,
805 5305 993 5382 Calpurnium
1013 5322 1070 5384 pro
1086 5305 1216 5366 Albinum
1229 5303 1379 5378 Pumium,
1399 5303 1484 5364 Lucii
1503 5319 1561 5382 pro
1580 5303 1651 5378 Vitii,
1672 5301 1704 5361 id
1722 5317 1756 5361 re
1774 5317 1833 5379 pro
1853 5303 1918 5378 ipsi,
1940 5299 2037 5362 odius:

245 5403 407 5480 proediis,
429 5408 619 5482 resipuisset
637 5420 695 5483 pro
716 5407 897 5482 compirset
915 5420 955 5466 ex
975 5405 1043 5466 Val
1065 5405 1145 5466 Max.
1166 5406 1195 5482 s,
1216 5405 1244 5464 t.
1266 5405 1325 5464 otc.
1346 5405 1403 5464 eta.
