4982 6280
1231 589 1473 660 ..gq-

456 785 556 858 modo
582 786 616 856 in
642 793 820 877 angustum
845 783 1060 867 deducerent,
1086 781 1186 854 modo
1211 784 1306 876 quasi
1331 785 1430 856 altius
1456 763 1759 878 exaggerarent-
1783 809 1919 881 campus
1945 786 2081 860 relictus
2104 799 2186 872 erat,
2213 789 2248 860 in

458 933 525 1002 qno
550 917 756 1005 excurreret:
782 906 818 976 in
844 906 1026 979 moralibus
1052 929 1131 978 vero
1157 906 1338 989 sententiis,
1364 908 1519 980 brevibus
1545 909 1611 980 illis
1629 921 1662 980 et
1677 911 1864 993 succinctis,
1889 912 1947 984 vix
1972 912 2046 982 lieri
2071 912 2188 1006 potuit,
2213 921 2249 984 ut

457 1041 516 1106 aut
538 1033 636 1126 plura
660 1031 872 1114 adderentur,
899 1041 956 1101 aut
974 1031 1112 1104 Caecilii
1137 1031 1238 1105 rerba
1255 1031 1584 1116 circumciderentur,
1610 1033 1668 1104 sed
1692 1035 1892 1128 plerumque
1918 1057 1958 1106 eo
1982 1047 2108 1107 untnm
2130 1037 2249 1108 morbo

410 1159 412 1166 '
457 1159 703 1240 inliciebantur,
728 1169 766 1228 ut
789 1167 912 1228 structa
936 1157 1114 1228 verborum
1146 1157 1318 1228 collocatio
1352 1157 1385 1227 in
1415 1158 1510 1252 peius
1543 1157 1803 1252 detorqueretur.
1855 1161 1948 1230 llaec
1973 1168 2021 1230 est
2045 1182 2155 1244 causa,
2190 1183 2250 1232 cur

459 1281 596 1354 Caecilii
620 1281 807 1373 fragmenta
831 1282 866 1350 iu
891 1281 1027 1375 speculo
1053 1280 1229 1353 doctrinali
1256 1292 1289 1352 et
1306 1281 1469 1354 historiali
1487 1293 1616 1354 servata
1640 1283 1751 1354 minus
1777 1295 1932 1378 corrupta
1948 1285 2024 1366 sint,
2051 1306 2151 1377 quam
2176 1285 2249 1356 iure

457 1413 517 1476 tuo
541 1403 706 1475 coniicere
731 1403 848 1495 possis,
875 1404 1061 1496 eademque
1086 1413 1136 1474 est
1153 1427 1263 1488 causa,
1290 1429 1349 1476 cur
1365 1404 1585 1498 Pythagorae,
1612 1408 1768 1492 Socratis,
1793 1407 1950 1489 Platonis,
1967 1409 2153 1480 Aristotelis
2178 1409 2250 1482 ele-

459 1527 573 1620 gantia
597 1528 665 1598 sive
688 1526 849 1599 notabilia
874 1525 973 1610 dicta,
999 1549 1088 1620 quae
1113 1549 1157 1597 ex
1182 1529 1242 1600 W.
1266 1527 1402 1598 Burleio
1427 1529 1641 1621 repetivimus
1666 1553 1743 1624 pag.
1771 1531 1830 1602 58.
1857 1531 1917 1602 59.
1943 1530 2002 1602 63.
2029 1531 2079 1602 bd
2104 1531 2250 1625 itemque

459 1651 619 1744 Diogenis
644 1651 793 1722 celebres
818 1651 1000 1721 sententiae
1024 1672 1101 1744 pag.
1121 1652 1169 1722 62
1195 1660 1345 1722 enotatae
1363 1651 1505 1723 dictione
1531 1663 1662 1745 praeter
1686 1653 1836 1724 omnium
1862 1655 2142 1748 exspectationem
2167 1675 2251 1748 pura

461 1785 559 1868 atque
584 1775 715 1847 sincera
740 1775 920 1868 conspicua
945 1774 1020 1844 sint.

559 1900 624 1972 Sed
650 1899 787 1972 dubium
813 1921 881 1968 non
908 1908 967 1982 est,
995 1896 1076 1990 quin
1102 1898 1207 1968 codex
1223 1899 1430 1971 Monacensis
1448 1906 1480 1969 et
1496 1899 1649 1984 Parisini,
1676 1911 1712 1970 ut
1735 1909 1896 1972 vetustate
1913 1902 2061 1994 reliquos
2082 1912 2250 1996 superant,

461 2025 506 2094 ita
531 2024 573 2094 ad
597 2023 774 2117 pristinum
800 2044 933 2116 quoque
958 2021 1119 2094 sermonis
1142 2020 1324 2092 Caeciliani
1348 2021 1492 2092 nitorem
1517 2023 1668 2094 omniurn
1692 2023 1845 2116 proxime
1870 2023 2034 2096 accedant
2057 2026 2167 2118 eique,
2194 2026 2252 2119 qui

454 2150 504 2220 ¹de
530 2148 673 2220 dictione
699 2147 835 2219 Caecilii
860 2157 951 2220 recte
976 2147 1125 2217 iudicare
1151 2147 1241 2230 velit,
1275 2147 1310 2216 iu
1335 2147 1375 2216 iis
1398 2146 1480 2216 solis
1506 2145 1744 2238 disquisitionis
1774 2147 2027 2219 tundamentum
2059 2147 2251 2242 ponendum

463 2273 514 2344 sit.
566 2272 778 2367 Quamquam
816 2271 927 2341 nescio
964 2292 1007 2341 au
1041 2293 1060 2340 e
1094 2270 1176 2340 limo
1213 2269 1308 2362 quasi
1339 2269 1475 2340 eductus
1509 2269 1644 2362 politior
1676 2271 1775 2341 etiam
1810 2281 1843 2341 et
1877 2272 2063 2363 elegantior
2094 2294 2252 2344 evasurus

463 2408 548 2470 esset
564 2397 740 2490 Caecilius,
766 2397 795 2466 si
819 2395 1013 2468 vetustiores
1039 2395 1106 2468 illis
1132 2395 1262 2466 codices
1280 2395 1376 2465 nohis
1401 2404 1532 2488 praesto
1557 2403 1679 2464 essent:
1706 2394 1784 2465 licet
1809 2395 1897 2466 enim
1924 2395 2028 2466 multa
2044 2395 2251 2468 Monacensis

461 2522 536 2594 loca
561 2521 697 2613 egregie
723 2531 757 2590 et
780 2519 823 2590 ad
847 2520 988 2593 verbum
1013 2520 1084 2590 lere
1109 2542 1187 2590 cum
1211 2519 1367 2592 Parisinis
1393 2520 1593 2613 conspirent,
1619 2512 1698 2608 (rid.
1725 2543 1825 2614 supra
1849 2544 1928 2614 pag.
1953 2517 2014 2612 dd)
2040 2521 2252 2592 animadver-

463 2643 600 2714 tendum
625 2653 736 2714 tamen
763 2652 822 2725 est,
858 2642 894 2712 iu
920 2641 960 2712 iis
992 2641 1077 2712 nihil
1111 2642 1180 2712 lere
1205 2642 1274 2734 legi
1304 2641 1368 2712 nisi
1399 2643 1576 2714 sententias
1610 2637 1656 2732 (et
1684 2653 1774 2714 recte
1803 2644 1952 2738 inscripti
1985 2655 2062 2718 sunt
2091 2645 2253 2739 [copiast

463 2769 676 2840 sentcntiae
700 2767 748 2836 cel
773 2767 1032 2858 definitiones
1052 2760 1323 2859 philosophorum)
1349 2788 1417 2836 uno
1435 2766 1634 2860 plerumque
1652 2767 1823 2839 enuntiato
1840 2768 2096 2861 comprehensas
2112 2767 2252 2864 ideoque

464 2891 671 2984 corruptelae
696 2888 806 2959 miuus
831 2888 1004 2960 obnoxias.
1056 2887 1170 2960 Critici
1195 2888 1297 2981 igitur
1322 2889 1394 2973 erit,
1420 2898 1456 2961 ut
1481 2912 1548 2960 non
1575 2912 1631 2960 eas
1656 2899 1784 2964 tantum
1809 2892 1931 2962 codicis
1956 2892 2163 2965 Monacensis
2186 2894 2254 2963 Pa-

463 3017 707 3111 risinorumque
732 3014 891 3085 lectiones
912 3013 1100 3086 Burleianis
1124 3014 1302 3106 praeferat,
1327 3037 1414 3107 quae
1440 3037 1512 3084 sese
1538 3013 1629 3106 ipsae
1656 3015 1900 3099 commendent,
1926 3017 1984 3086 sed
2007 3023 2045 3086 ut
2068 3015 2143 3086 illas
2168 3037 2254 3108 quo-

462 3162 542 3234 que,
569 3162 655 3233 quae
672 3162 732 3234 per
749 3161 784 3208 se
805 3139 896 3232 ipsae
913 3137 1050 3233 quidem
1066 3145 1234 3229 spectatae
1251 3137 1378 3208 Burleii
1403 3148 1656 3231 ceterorumque
1674 3139 1900 3232 discrepantiis
1925 3140 2063 3211 minime
2087 3149 2254 3233 praestare

463 3262 649 3346 rideantur,
680 3270 814 3355 propter
848 3261 999 3332 codicum
1036 3259 1330 3331 vetustissimorum
1368 3261 1596 3332 auctoritatem
1633 3261 1668 3330 in
1700 3262 1850 3332 ordinem
1888 3263 2066 3334 verborum
2101 3263 2253 3356 recipiat.

466 3385 564 3470 Quod
589 3395 626 3454 ut
649 3407 717 3454 uno
742 3385 896 3477 exemplo
922 3407 1028 3477 eoque
1053 3383 1223 3453 luculento
1248 3383 1397 3468 doceam,
1426 3407 1482 3456 eas
1507 3385 1686 3456 sententias
1711 3386 1861 3478 prolerre
1879 3386 1989 3470 liceat,
2015 3409 2101 3481 quae
2127 3387 2164 3458 in
2180 3388 2254 3459 Mo·

464 3509 603 3580 nacensi
627 3509 777 3580 oratioue
803 3509 974 3594 indirecta,
1001 3518 1038 3578 ut
1061 3506 1270 3600 grammatici
1296 3506 1420 3590 dieunt,
1446 3507 1534 3600 apud
1551 3508 1740 3580 Walterum
1757 3509 1930 3582 Burlcium
1954 3510 2105 3580 oratione
2130 3509 2254 3580 directa

466 3654 643 3726 expressae
669 3641 755 3704 sunt.

463 3759 557 3829 Mon.
586 3757 619 3837 l,
646 3753 705 3826 31.
744 3755 869 3827 Oculos
886 3806 896 3825 .
915 3807 924 3825 .
945 3807 953 3825 .
973 3806 982 3824 .
1001 3755 1106 3826 malos
1132 3764 1230 3826 testes
1256 3777 1338 3824 esse.
1390 3756 1448 3828 W.
1475 3756 1514 3826 Β.
1541 3755 1667 3826 Oculos
1684 3807 1693 3826 .
1713 3807 1723 3824 .
1743 3807 1751 3826 .
1772 3808 1780 3825 .
1798 3765 1877 3850 puta
1909 3758 2014 3828 malos
2048 3767 2145 3829 testes
2170 3779 2253 3828 esse.

465 3879 617 3962 Moab,
647 3880 679 3948 1.
742 3879 874 3951 Debere
905 3877 1057 3950 homines
1090 3877 1246 3950 viaticum
1278 3877 1437 3948 senectuti
1470 3879 1653 3948 litterarum
1687 3878 1908 3950 eruditionem
1940 3903 2073 3973 parare.
2124 3881 2184 3954 W.
2214 3880 2254 3949 Β.

745 4002 914 4074 Debent.
942 4054 951 4072 .
979 4054 988 4072 .
1016 4054 1024 4072 .
1052 4025 1181 4095 parare.

466 4130 556 4201 Mon.
582 4127 618 4211 3,
644 4125 679 4198 3.
742 4125 836 4196 Plato
862 4125 960 4196 dixit:
987 4126 1213 4197 Litteras...
1234 4133 1408 4217 .repertas
1433 4147 1516 4195 esse.
1563 4128 1623 4198 W.
1649 4127 1687 4197 Β.
1714 4126 1860 4198 Litterae
1878 4177 1886 4196 .
1906 4177 1915 4196 .
1935 4177 1944 4195 .
1964 4177 1972 4196 .
1990 4135 2143 4218 repertae
2168 4133 2255 4196 sunt.

466 4253 557 4323 Mon.
583 4250 618 4332 3,
644 4250 680 4320 lt.
744 4249 844 4320 Salon
871 4247 969 4318 dixit:
996 4248 1151 4322 Eundem
1177 4247 1299 4318 debere
1325 4247 1426 4320 finem
1446 4301 1455 4318 .
1475 4301 1483 4319 .
1503 4301 1512 4318 .
1532 4301 1541 4319 .
1560 4273 1642 4320 esse.
1682 4252 1740 4324 W.
1759 4251 1796 4320 Β.
1823 4249 1976 4320 Eundem
2003 4250 2054 4322 lac
2072 4249 2174 4320 linem
2192 4258 2254 4318 etc.

467 4375 558 4446 Mon.
585 4371 620 4456 5,
646 4373 680 4442 2.
742 4372 912 4464 Diogenes
938 4369 1038 4441 dixit:
1073 4373 1350 4465 Unumquemque
1377 4425 1385 4442 .
1414 4423 1422 4442 .
1451 4425 1460 4442 .
1488 4425 1496 4442 .
1523 4372 1647 4444 habere
1679 4373 1812 4444 debere.
1863 4374 1921 4446 W.
1947 4374 1986 4444 Β.
2022 4372 2256 4466 Unusquisque

745 4493 870 4564 habere
897 4494 1005 4564 debet.
1998 4565 2000 4570 .

468 4621 558 4692 Mon.
584 4619 608 4688 6
634 4627 666 4688 et
689 4619 765 4689 Par.
787 4619 843 4690 16.
874 4619 974 4718 ,Plato
1000 4617 1101 4689 dixit:
1127 4617 1348 4712 Triumphum
1374 4617 1583 4691 innocentiae
1609 4643 1681 4690 esse
1706 4631 1770 4690 ete.
1809 4622 1867 4694 W.
1886 4621 1924 4690 Β.
1943 4631 1976 4691 et
1992 4622 2032 4692 V.
2050 4621 2133 4692 Dell.
2153 4641 2203 4713 sp.
2220 4617 2253 4690 h.

749 4739 952 4834 Triumphus
978 4752 1026 4812 est
1051 4741 1261 4813 innocentiae
1287 4754 1349 4812 etc.

467 4870 557 4941 Mon.
584 4869 620 4951 7,
649 4868 681 4938 l.
743 4865 944 4960 Pythagoras
971 4865 1068 4936 dixit:
1095 4867 1212 4936 Finem
1238 4867 1309 4936 irae
1335 4867 1466 4938 initium
1488 4889 1559 4939 esse
1576 4867 1809 4958 poeniteutiae.
1849 4869 1908 4941 W.
1927 4869 1964 4938 Β
1992 4867 2255 4938 Finis....est

467 4993 558 5064 Mon.
588 4991 645 5073 10,
672 4992 707 5060 Β.
747 4991 898 5061 Socrates
924 4989 1022 5060 dixit:
1049 4991 1176 5082 Dignos
1203 5012 1273 5060 esse
1299 4990 1427 5061 invidos
1453 4999 1514 5060 etc.
1565 4993 1624 5064 W.
1650 4993 1689 5062 Β.
1715 4991 1818 5082 Digni
1845 5043 1853 5060 .
1882 5043 1890 5060 .
1919 5043 1927 5060 .
1955 5045 1964 5062 .
1993 5003 2069 5063 sunt
2094 5002 2157 5063 etc.

467 5119 558 5189 Mon.
587 5117 645 5200 12,
672 5114 706 5187 3.
744 5115 949 5210 Pythagoras
980 5115 1079 5188 dixit:
1113 5116 1240 5187 Avares
1274 5114 1425 5186 homines
1459 5114 1604 5208 pupillos
1630 5165 1639 5186 .
1666 5166 1675 5184 .
1702 5166 1711 5184 .
1741 5167 1749 5184 .
1777 5137 1847 5184 esse
1879 5126 1940 5186 ete.
1992 5117 2051 5189 W.
2076 5116 2116 5186 Β.
2152 5113 2255 5187 Avari

745 5241 896 5312 homines
921 5239 1049 5334 pusillis
1075 5233 1232 5332 (pupillis)
1258 5239 1384 5310 similes
1410 5249 1486 5310 sunt
1511 5248 1573 5308 etc.

469 5367 559 5438 Mon.
588 5366 645 5451 15,
673 5367 707 5437 6.
745 5365 939 5438 Aristoteles
964 5363 1063 5436 dixit:
1089 5365 1235 5438 Difficile
1261 5385 1332 5434 esse
1359 5374 1420 5434 ete.
1471 5365 1530 5438 W.
1557 5365 1595 5434 Β.
1622 5363 1767 5436 Dillicile
1794 5372 1843 5434 est
1868 5372 1928 5434 etc.

1270 5498 1332 5557 etc.
1359 5498 1421 5558 ete.
