4982 6280
1004 2277 1315 2370 Praefatlo.

361 2697 552 2842 Postquam
569 2745 680 2818 Ethioi
698 2746 802 2816 Histri
820 2747 1084 2842 cosmographia,
1111 2747 1214 2840 Trogi
1232 2746 1382 2842 Pompeii
1400 2748 1584 2840 fragmenta
1611 2747 1764 2820 historica
1786 2759 1819 2820 et
1836 2750 2053 2822 Ciceroniana

262 2897 319 2968 illa
345 2895 388 2968 do
413 2895 480 2967 fato
505 2917 593 2965 anno
618 2894 789 2987 superiore
814 2893 903 2966 edita
927 2896 1074 2988 primum
1099 2894 1235 2990 quidem
1262 2895 1412 2967 omnium
1438 2897 1552 2968 oculos
1578 2897 1621 2968 ad
1645 2919 1680 2968 se
1705 2907 1948 2980 converterunt,
1973 2919 2053 2970 mox

260 3067 351 3128 vero,
385 3067 462 3116 cum
486 3043 650 3115 restinctis
676 3041 864 3113 animorum
898 3041 1060 3113 incendiis
1091 3041 1249 3136 aperitis
1275 3043 1317 3113 ad
1342 3037 1514 3116 obrussam
1540 3043 1765 3137 exigerentur,
1797 3055 1854 3116 aut
1878 3043 2053 3116 subdititia

261 3205 318 3264 aut
342 3193 452 3278 medii
468 3191 541 3263 aeri
567 3192 672 3262 foetos
706 3188 849 3262 iudicata
874 3200 962 3270 sunt.
995 3187 1178 3259 verendum
1205 3199 1255 3258 est
1277 3191 1445 3276 omnibus,
1482 3193 1685 3287 quicumque
1708 3217 1745 3264 se
1769 3193 1894 3288 primos
1928 3213 2052 3264 novum

261 3342 425 3436 quondam
450 3341 654 3435 antiquitatis
679 3341 872 3435 scriptorem
899 3341 932 3411 in
958 3341 1067 3411 lucem
1091 3343 1240 3435 prolerre
1266 3343 1494 3436 profiteantur,
1522 3366 1564 3413 ne
1582 3353 1638 3414 aut
1663 3343 1826 3415 librorum
1851 3342 2053 3415 subiectoras

260 3491 423 3574 dicantur,
448 3501 506 3562 aut
522 3491 644 3562 erroris
662 3489 865 3560 incusentur.
905 3490 966 3561 llla
983 3493 1082 3586 culpa
1100 3516 1177 3563 cnm
1202 3517 1257 3564 me
1274 3515 1416 3565 saeuum
1442 3494 1556 3576 sciam,
1582 3494 1623 3564 iia
1649 3495 1770 3584 gratias
1787 3515 1884 3587 agam
1912 3503 2052 3586 quantas

259 3639 421 3710 maximas
446 3640 578 3710 animus
603 3661 697 3709 mens
729 3661 848 3732 capere
881 3648 997 3732 potest,
1032 3639 1090 3732 qui
1124 3641 1246 3734 apertis
1272 3641 1540 3714 Caecilianorum
1573 3643 1835 3734 fragmentorum
1866 3642 2051 3736 originibus

259 3811 374 3860 errore
398 3813 454 3861 me
479 3788 646 3870 lavabunt,
680 3789 745 3870 vel,
779 3788 838 3858 ubi
863 3788 921 3859 illa
953 3791 1099 3881 genuina
1133 3813 1204 3862 esse
1230 3803 1264 3862 ot
1287 3789 1330 3863 ad
1356 3791 1584 3886 antiquitatem
1617 3790 1792 3862 relerenda
1816 3791 1880 3861 sibi
1912 3813 2052 3885 persua-

259 3941 372 4024 serint,
407 3939 643 4012 dissertationis
674 3960 769 4009 meaa
803 3937 936 4031 singula
959 3951 1200 4033 persequentur
1231 3921 1346 4033 atqua¹
1363 3939 1527 4011 benevola
1557 3938 1782 4012 admonitione
1816 3939 2049 4011 emendabunt.

259 4047 377 4182 Neque
403 4087 491 4159 enim
519 4088 546 4158 is
572 4109 657 4170 sum,
684 4087 742 4181 qui
768 4087 908 4158 meliora
932 4085 1064 4158 docenti
1089 4086 1334 4180 obtemperasse
1351 4097 1447 4180 turpe
1472 4085 1627 4170 iudicem,
1652 4097 1711 4158 aut
1731 4085 1818 4158 banc
1842 4109 1952 4158 meam
1977 4085 2051 4158 edi-

251 4202 382 4306 tionem
408 4235 562 4306 omnibus
586 4235 734 4306 numeris
759 4233 941 4305 absolutam
968 4257 1039 4306 esse
1065 4249 1193 4330 putem;
1228 4237 1400 4321 sedeam,
1435 4261 1535 4331 quam
1569 4238 1673 4308 semel
1705 4259 1840 4331 operam
1874 4257 2051 4330 aggressus

260 4407 362 4467 eram,
389 4407 428 4455 ea
454 4383 643 4476 longiorem
669 4383 913 4455 cunctationem
940 4384 1007 4455 iam
1024 4406 1090 4454 non
1115 4385 1280 4479 reciperet
1297 4408 1420 4484 eosque
1447 4386 1570 4457 diutius
1595 4385 1745 4457 detinere
1769 4387 1860 4458 uelas
1879 4384 2048 4468 ducerem,

162 4588 165 4599 ,
259 4533 317 4626 qui
341 4532 383 4604 ad
409 4555 483 4604 eam
507 4533 745 4627 perficiendam
771 4533 995 4605 admonitores
1020 4546 1053 4605 et
1077 4559 1230 4607 suasores
1256 4535 1337 4606 mibi
1364 4547 1469 4618 erant,
1496 4535 1676 4630 conscripsi
1701 4535 1776 4618 boc,
1806 4536 2049 4630 qualecumque

258 4689 318 4764 est,
343 4681 551 4774 opusculum,
577 4693 667 4753 ratos
694 4703 769 4752 eam
795 4683 1034 4774 quaestionem,
1060 4683 1087 4753 si
1107 4684 1176 4778 ipse
1194 4685 1356 4756 sustinere
1381 4707 1448 4756 non
1466 4707 1608 4778 possem,
1635 4683 1724 4756 baud
1749 4682 1919 4777 indignam
1937 4693 2048 4754 tamen

257 4831 363 4901 risum
388 4829 441 4912 iri,
468 4832 613 4924 quaein
640 4854 782 4903 examen
808 4830 981 4902 doctorum
1007 4832 1180 4904 bominum
1206 4845 1354 4905 uocetur.

356 4979 539 5051 Caecilium
572 4979 674 5071 igitur
697 4981 838 5053 balbum
871 4982 961 5072 quod
986 4981 1043 5052 diu
1077 4981 1332 5074 intermortuam
1366 4980 1503 5072 contigit
1527 4980 1560 5050 in
1588 4979 1660 5052 dias
1694 4979 1832 5051 luminis
1863 5001 1960 5050 auras
1991 5001 2048 5048 re·

257 5125 399 5209 trabere,
426 5127 460 5197 id
485 5149 552 5196 uon
579 5123 695 5198 dubito
721 5127 802 5221 quin
827 5127 1011 5200 veteris·ac
1035 5128 1157 5199 latinae
1175 5126 1404 5222 pbilosopbiae
1429 5129 1564 5202 studiosi
1590 5153 1665 5201 cum
1691 5131 1803 5225 aliqua
1828 5129 2047 5224 gratulatione

255 5299 352 5347 meae
377 5277 443 5347 sint
467 5277 619 5348 fortunae
645 5289 817 5372 acceptum
843 5279 992 5350 relaturi.
1044 5281 1087 5350 Et
1111 5301 1153 5348 ne
1179 5278 1250 5373 ipse
1275 5277 1423 5370 quidem,
1455 5302 1531 5350 cum
1557 5281 1742 5352 conlectum
1768 5279 1832 5350 boc
1856 5279 1918 5350 iter
1942 5279 2047 5350 oculis

256 5426 350 5519 quasi
375 5427 550 5521 perlustro,
576 5427 717 5499 arduum
735 5451 814 5500 sane
833 5453 872 5500 ac
889 5431 1071 5524 spinosum,
1097 5441 1281 5524 temperare
1307 5427 1391 5499 milri
1413 5452 1478 5500 non
1500 5451 1645 5521 possum.
1671 5430 1752 5521 quin
1770 5429 1917 5522 aliquam
1942 5427 2046 5498 animi
