4982 6280
1001 541 1248 612 ..61-

326 760 399 809 snm
425 761 488 830 ego
514 738 564 808 illi
588 746 713 808 tanum
739 738 772 806 in
790 736 1022 830 respondendo
1048 736 1299 808 dehonestatem
1317 736 1453 820 inlerre,
1479 748 1638 831 quantam
1665 734 1761 827 [sibi]
1786 739 1834 810 sic
1850 739 2021 833 loquendo

322 863 462 934 contulit
486 861 550 932 sibi
576 861 648 956 ipsi.
701 858 747 952 (3)
773 863 869 934 Alius
894 884 1028 933 rursum
1058 860 1287 933 dehonestavit
1317 861 1415 933 illum
1440 861 1550 934 verbis
1582 861 1840 944 contumeliosis,
1877 885 1941 933 nec
1966 864 2022 934 io·

324 986 478 1079 dignatus
503 995 562 1056 est.
600 988 644 1057 Et
669 985 825 1056 dixerunt
851 986 902 1056 ei:
938 985 1052 1068 Quare
1078 1007 1144 1055 nou
1170 984 1376 1076 indignaris?
1410 985 1452 1056 Et
1477 985 1660 1078 respondit:
1695 983 1762 1054 Hic
1787 984 2022 1057 dehonestator

322 1131 416 1182 meus
449 1120 506 1181 out
530 1120 579 1180 est
602 1109 768 1181 veridicus
802 1119 858 1180 aut
883 1109 1043 1191 mendax;
1078 1109 1107 1180 si
1140 1109 1318 1190 veridicus,
1350 1119 1486 1202 propter
1519 1109 1692 1180 veritatem
1723 1131 1792 1180 non
1817 1111 1961 1192 irascar:
1992 1109 2022 1180 si

323 1246 372 1304 est
396 1233 552 1317 mendax,
579 1233 672 1304 deest
697 1233 933 1324 indignationis
959 1255 1071 1315 cansa,
1099 1256 1143 1304 ex
1169 1255 1236 1326 quo
1262 1233 1332 1327 ipse
1358 1256 1425 1303 non
1450 1234 1553 1318 novit,
1579 1233 1659 1328 quid
1685 1233 1817 1304 dixerit.
1861 1226 1908 1325 (l)
1935 1235 2020 1305 Cum
2107 1211 2112 1220 ¹

323 1359 459 1451 quidem
486 1359 517 1430 ei
542 1360 681 1429 referret
707 1358 877 1428 etc=bl
902 1357 961 1439 at,
990 1357 1024 1427 3.
1073 1348 1123 1446 (5)
1147 1357 1232 1427 Cum
1259 1357 1394 1450 quidam
1421 1358 1452 1427 ei
1478 1357 1661 1430 nuntiasset
1685 1368 1748 1428 eto.
1762 1359 1932 1430 :Lind
1962 1359 2020 1430 17.

322 1487 358 1556 11
383 1484 442 1554 t5.
494 1486 521 1554 l.
548 1486 621 1554 Sar.
648 1485 717 1554 l'ol.
751 1483 807 1554 lll.
848 1484 905 1564 ld,
932 1483 967 1552 9.
1018 1474 1066 1573 (6)
1100 1483 1239 1576 Superet
1272 1491 1384 1552 autem
1410 1485 1582 1554 etc=P
1610 1485 1668 1553 17.
1718 1475 1767 1574 (7)
1794 1487 2020 1575 Interrogatus

324 1609 384 1678 fuit
401 1607 581 1701 Diogenes,
608 1608 691 1700 quid
716 1606 883 1698 agendum
909 1606 952 1676 sit
976 1605 1116 1688 bomini,
1142 1613 1179 1674 ut
1202 1627 1268 1674 non
1286 1605 1457 1676 irascatur.
1497 1606 1565 1689 Qui
1589 1605 1651 1675 ait:
1678 1607 1882 1678 Recordetur
1905 1608 2019 1692 bomo,

323 1732 412 1826 quod
438 1755 503 1802 non
530 1754 662 1824 semper
687 1753 820 1802 necesse
847 1741 908 1812 est,
943 1730 1033 1823 quod
1060 1731 1223 1802 serviatur
1253 1730 1317 1809 illi:
1352 1729 1454 1798 immo
1479 1729 1552 1800 vice
1576 1753 1673 1802 versa
1702 1740 1751 1801 est
1784 1732 1881 1802 alteri
1912 1733 2021 1804 servi-

322 1867 432 1936 turus:
468 1879 530 1926 nec
555 1866 693 1949 oportet,
731 1866 768 1927 nt
793 1855 915 1946 iugiter
939 1854 1113 1925 obediatur
1138 1854 1200 1936 illi,
1233 1853 1291 1924 sed
1317 1854 1485 1926 interdum
1515 1863 1655 1947 oportet,
1689 1863 1727 1924 ut
1751 1855 1886 1927 obediat
1910 1857 2019 1928 alteri.

322 1985 393 2054 Nec
418 2005 555 2054 necesse
582 1991 640 2064 est,
676 1992 712 2052 ut
737 2003 870 2075 semper
894 1981 937 2052 ab
963 1981 1037 2051 aliis
1063 1982 1233 2062 toleretur,
1265 1979 1322 2050 sed
1349 1979 1549 2072 quandoque
1574 1979 1718 2072 patiatur
1743 1979 1883 2072 etipse.
1934 1983 2019 2052 Cum

322 2106 409 2176 baec
434 2106 560 2188 iecerit,
588 2105 814 2176 debilitabitur
839 2105 889 2176 ira
915 2106 996 2176 eius.
1037 2098 1084 2196 (8)
1110 2106 1229 2176 Fertur
1255 2105 1296 2175 de
1322 2105 1474 2195 Diogene
1500 2105 1680 2174 etc.=ld
1701 2103 1757 2186 ld,
1784 2104 1819 2173 2.
1858 2095 1905 2194 (9)
1927 2106 2018 2176 Dum

320 2229 515 2301 Alexander
539 2252 600 2299 rex
617 2251 730 2298 coram
748 2228 900 2319 Diogene
924 2227 1091 2312 transiret,
1117 2227 1287 2320 Diogenes
1307 2237 1478 2318 tamquam
1496 2227 1592 2299 illum
1608 2250 1769 2321 spernens
1789 2251 1856 2298 non
1872 2229 2019 2322 respexit

323 2375 411 2424 eum.
451 2352 513 2423 Cui
539 2351 622 2422 dixit
647 2351 854 2423 Alexander:
882 2351 972 2435 Quid
998 2362 1056 2433 est,
1084 2351 1173 2444 quod
1199 2374 1251 2422 me
1277 2374 1343 2421 nen
1369 2350 1517 2443 respicis,
1544 2353 1639 2444 quasi
1666 2375 1721 2422 me
1746 2375 1815 2425 non
1839 2351 2017 2446 indigent

321 2475 384 2546 Cui
410 2476 483 2545 ille:
508 2475 561 2546 Ad
588 2475 668 2568 quid
694 2497 828 2545 necesse
855 2475 964 2546 babeo
988 2496 1122 2546 servum
1147 2497 1320 2545 servorum
1348 2474 1520 2548 meorum?
1546 2476 1589 2546 Et
1614 2475 1821 2547 Alexander:
1847 2477 2017 2570 Numquid

321 2621 384 2693 ego
410 2623 580 2671 servorum
608 2613 740 2672 tuorum
773 2625 887 2674 servus
913 2601 1008 2672 sumi
1039 2602 1115 2671 Ait:
1148 2599 1213 2682 Sic,
1243 2601 1324 2692 quia
1356 2621 1419 2691 ego
1444 2600 1623 2693 praevaleo
1652 2600 1886 2694 cupiditatibus
1919 2601 2015 2686 meis,

322 2725 495 2795 refrenans
522 2723 595 2794 illas
622 2735 655 2794 et
679 2725 846 2795 subiciens
872 2748 928 2796 eas
953 2724 1048 2808 mibi,
1082 2735 1119 2794 ut
1142 2723 1225 2794 mibi
1256 2724 1416 2807 serviant:
1450 2725 1512 2796 tibi
1545 2735 1658 2796 antem
1691 2725 1886 2819 cupiditates
1917 2749 2017 2820 prae·

319 2850 431 2920 valent
456 2859 490 2918 et
514 2859 548 2917 tu
582 2871 696 2922 servus
726 2871 841 2920 earum
872 2849 1028 2931 efficeris,
1061 2848 1194 2919 illarum
1225 2846 1458 2941 obtemperans
1490 2848 1640 2920 iussioni.
1692 2852 1812 2922 Servus
1846 2850 1948 2942 igitur
1980 2873 2016 2921 es

320 3000 491 3051 servorum
521 3001 685 3050 meorum.
738 2968 809 3063 (16)
836 2974 913 3044 Alia
944 2973 1016 3044 vice
1049 2972 1130 3043 dum
1163 2983 1336 3064 praesente
1362 2974 1515 3064 Diogene
1550 2972 1752 3044 versificator
1784 2975 1920 3068 quidam
1955 2997 2016 3046 ex·

321 3106 452 3176 tolleret
488 3107 600 3177 multis
636 3103 790 3175 laudibus
824 3099 1053 3171 Alexandrum
1090 3106 1311 3191 praesentem,
1345 3117 1517 3166 assumens
1552 3097 1722 3190 Diogenes
1753 3121 1874 3192 panem
1908 3100 2017 3194 coepit

323 3229 510 3300 comedero.
550 3229 612 3299 Cui
631 3227 802 3298 dixerunt:
829 3223 919 3307 Quid
936 3223 1027 3314 agisl
1053 3221 1125 3293 Ait:
1151 3221 1269 3294 Utilius
1288 3231 1337 3290 est
1361 3220 1409 3290 sic
1433 3221 1542 3290 facere
1559 3244 1661 3313 quam
1687 3221 1804 3293 audire
1829 3223 2014 3296 mendacia.

320 3344 393 3442 (11)
428 3352 513 3423 Cum
547 3351 681 3444 quidam
716 3349 818 3419 bomo
852 3357 916 3418 etc.
933 3347 1044 3416 :bl
1080 3345 1137 3415 16.
1188 3337 1261 3434 (12)
1294 3345 1360 3436 Hie
1390 3367 1467 3414 cum
1498 3344 1633 3416 vidisset
1666 3345 1819 3417 iuvenem
1851 3345 2015 3418 bonorum

320 3495 462 3556 morum,
489 3474 575 3544 facie
603 3485 714 3544 tamen
740 3472 840 3564 turpi,
867 3471 926 3541 ait:
954 3469 1095 3541 Animae
1122 3468 1212 3538 illius
1238 3469 1368 3540 bonitas
1394 3467 1448 3539 dat
1468 3469 1610 3539 multum
1635 3469 1891 3564 pulchritudinis
1916 3471 2015 3542 faciei
2149 3539 2154 3552 ,

321 3597 421 3667 illius.
473 3590 544 3685 (13)
571 3599 666 3680 ltem,
702 3617 778 3666 cum
804 3594 938 3665 vidisset
962 3590 1130 3686 quendam
1155 3591 1313 3662 decorum
1345 3591 1429 3662 facie
1455 3603 1488 3662 et
1512 3593 1661 3664 moribus
1695 3593 1917 3678 inhonestum,
1948 3593 2012 3664 ait:

320 3721 480 3815 Oquam
504 3719 592 3790 bona
618 3720 734 3789 domus
764 3729 796 3788 et
820 3719 928 3789 malus
961 3716 1093 3810 hospes.
1144 3709 1218 3808 (ld)
1243 3718 1326 3787 ltem
1361 3717 1442 3788 vidit
1475 3717 1642 3809 quendam
1676 3717 1813 3790 idiotam
1844 3717 2013 3788 sedentem

319 3869 418 3938 super
448 3844 594 3938 lapidem
629 3855 662 3915 et
686 3846 746 3916 nit:
780 3845 880 3938 Lapis
914 3865 1014 3935 super
1040 3841 1196 3934 lapidem.
1248 3835 1320 3931 (15)
1346 3842 1571 3912 consueverat
1595 3841 1761 3933 Diogenes
1795 3839 2013 3912 debonestare

319 3969 471 4040 homines
495 3969 668 4040 scientiam
694 3969 854 4050 odientes,
889 3978 922 4038 et
946 3969 1091 4062 quodam
1123 3969 1177 4038 die
1203 3965 1386 4038 ascendens
1411 3967 1446 4036 in
1471 3967 1582 4038 locum
1608 3968 1808 4038 eminentem
1833 3967 1901 4038 alta
1930 3991 2013 4040 voce

320 4092 486 4162 clamavit:
521 4093 635 4163 Oros
667 4091 829 4174 homiues,
865 4091 1051 4162 convenite.
1102 4092 1146 4161 Et
1175 4091 1447 4161 convenientibus
1478 4091 1592 4162 multis
1626 4091 1688 4162 ait:
1721 4093 1795 4162 Non
1828 4114 1886 4162 vos
1916 4115 2011 4176 voco,

319 4214 378 4284 sed
404 4215 567 4296 homines:
595 4238 653 4285 vos
680 4217 771 4285 enim
796 4216 924 4286 bestiae
951 4217 1039 4297 estis,
1067 4216 1124 4307 qui
1150 4214 1331 4284 secundum
1357 4213 1519 4286 rationem
1544 4237 1612 4286 nou
1638 4215 1745 4286 vivitis
1772 4226 1805 4287 et
1829 4215 2012 4312 sapientiae

318 4361 385 4408 non
417 4339 565 4409 studetis.
615 4333 688 4430 (16)
719 4341 804 4409 ltem
834 4339 917 4410 vidit
949 4339 1117 4431 Diogenes
1152 4339 1307 4411 iuvenem
1345 4339 1504 4410 decorum
1541 4339 1737 4432 sapientiam
1775 4340 2011 4412 addiscentem.

319 4461 383 4532 Cui
408 4461 504 4531 dixit:
531 4464 622 4532 Bene
648 4463 736 4553 agis;
773 4485 850 4533 nam
875 4465 924 4534 vis
950 4463 1082 4534 animae
1107 4473 1185 4532 tuae
1210 4461 1493 4554 pulchritudinem
1525 4462 1572 4533 tui
1598 4472 1748 4555 aspertus
1772 4463 2012 4557 pulchritudini

319 4585 509 4656 convenire.
561 4579 632 4675 (tr)
659 4585 848 4656 infirmatus
873 4597 922 4657 est
954 4585 1155 4678 quandoque
1181 4585 1359 4676 Diogenes,
1394 4595 1526 4657 etcum
1559 4609 1636 4656 eum
1662 4587 1884 4660 confortarent
1911 4575 2012 4660 amini

224 4763 439 4774 m

302 4849 391 4922 611.
433 4851 504 4911 Vid.
523 4849 665 4912 Paruum.
686 4851 818 4930 append.
839 4851 913 4912 odit.
934 4850 1068 4929 Gotting.
1089 4853 1117 4927 3,
1139 4852 1191 4912 68:
1212 4843 1299 4934 stop
1326 4846 1439 4924 λαλεῖς.
1466 4841 1523 4912 a’rrl
1547 4847 1613 4912 soie
1639 4837 1847 4937 oivcwtlp'rorv
1871 4853 1904 4912 et
1930 4867 2010 4928 quac

219 4949 260 5012 ad
279 4951 361 5012 bunc
380 4949 482 5011 locum
502 4951 620 5012 monuit
639 4948 834 5012 Leutscbius.
883 4943 901 5016 ll
951 4948 1041 5020 515.
1074 4937 1773 5034 ctr.1)iog.1..vl.2,32:oovdcognort,
1798 4934 2009 5032 Ἰώᾶνορω-

196 5111 198 5118 ,
219 5067 290 5126 ποι,
314 5034 535 5111 συνελθόντων
554 5040 708 5110 καθίκετο
729 5047 772 5133 τῇ
796 5041 966 5133 βακτηρίᾳ,
992 5033 1103 5124 εἰπών,
1127 5032 1343 5131 :respuimus
1367 5031 1510 5124 ἐκάλεσα,
1539 5035 1581 5111 ου’
1599 5033 1809 5132 καθάρματα,
1836 5038 1882 5123 ὥς
1908 5063 2010 5158 φησιν

218 5134 353 5210 merus
373 5139 477 5229 ἐντῷ
497 5132 620 5230 πρώτῳ
641 5143 859 5230 τοῖκΧρειοῖκ.
910 5141 927 5212 ll
976 5146 1059 5220 616.
1091 5147 1204 5208 Αο1οο.
1222 5145 1346 5207 etblax.
1366 5140 1444 5230 περὶ
1461 5131 1611 5219 edrone:
1631 5137 1787 5230 Διογένης
1806 5146 2008 5256 &ruoppertus

219 5231 382 5327 μειράκιον
405 5233 576 5330 εὔμορφον
601 5237 656 5306 καὶ
681 5231 737 5306 δια
760 5241 860 5309 τοῦτο
892 5231 1098 5332 φιλούμτκον,
1129 5235 1207 5328 ἔφη·
1231 5230 1433 5321 Σπούδασον,
1461 5229 1634 5328 μειράκιον,
1664 5230 1742 5319 τούς
1769 5237 1833 5306 τοῦ
1857 5258 2008 5321 σωματος

219 5329 360 5425 ἐρασταῖς
378 5333 426 5415 εἰς
444 5328 502 5428 τήν
522 5326 631 5427 ψυχήν
649 5341 844 5426 μεταγαγεῖν.
